4517 6425
655 1167 719 1230 502
781 1179 946 1229 namur
969 1177 1184 1228 raarsrnusrs
1206 1177 1370 1229 mercam
1391 1178 1591 1229 auouonuu.

826 1388 1003 1456 Ricardas
1029 1390 1069 1455 de
1093 1387 1192 1454 Chare
1207 1387 1324 1473 factata
1345 1395 1391 1453 est
1412 1387 1529 1453 miles}
1728 1398 1864 1452 foliosa

487 1563 557 1615 ΑΒ.
572 1569 643 1615 1245.
700 1545 765 1613 Die
788 1568 866 1613 vero
889 1546 1109 1626 Pentecostes,
1134 1542 1232 1611 cum⁹
1254 1545 1408 1609 dominus
1441 1566 1502 1610 rex
1523 1542 1704 1608 Londoniis

487 1647 601 1698 Riehnd
655 1648 778 1713 festum
809 1646 942 1714 tenuit⁸
963 1648 1215 1728 serenissimum,
1240 1646 1419 1713 Ricardum
1442 1647 1482 1712 do
1506 1644 1611 1724 Clare,
1631 1646 1705 1732 jam

486 1714 619 1847 iiigffi
656 1752 818 1829 comitem,
841 1751 1141 1817 concomitantibus
1170 1751 1300 1816 circiter
1332 1750 1381 1814 xl.
1399 1749 1572 1826 tironibus,
1594 1749 1704 1816 balteo

656 1854 764 1919 cinxit
785 1852 933 1931 militari,
957 1859 992 1918 et
1017 1854 1162 1919 tirocinii
1197 1854 1249 1919 sui
1278 1853 1399 1919 festum
1421 1853 1607 1940 gaudenter
1628 1874 1704 1918 con-

342 1883 632 2268 ῙΛῚ
656 1957 845 2023 summovit.
894 1956 987 2022 Fecit
1008 1957 1143 2043 insuper
1166 1957 1318 2022 domiuus
1340 1978 1400 2021 rex
1422 1956 1535 2021 eodem
1558 1960 1704 2041 tempore

382 2076 590 2318 Α
656 2080 714 2145 per
746 2058 894 2145 singulos
926 2059 1060 2146 Angliae
1097 2061 1274 2126 comitatus
1309 2056 1504 2147 [diligenter
1540 2056 1705 2145 inquiri]⁴

656 2183 817 2226 summam
832 2161 1023 2227 reddituum
1040 2162 1264 2228 Romanorum
1279 2167 1314 2228 et
1328 2162 1475 2227 virorum
1490 2161 1703 2239 Ytalicorum,

655 2285 736 2350 quos
771 2264 922 2329 Romana
959 2263 1152 2330 ditaverat⁵
1182 2266 1384 2345 auctoritas3
1418 2270 1454 2329 et
1484 2265 1623 2329 inventa
1653 2268 1705 2328 est

418 2288 554 2590 Φ
654 2389 783 2431 summa
804 2368 995 2432 reddituum
1023 2390 1146 2448 eorum,
1168 2368 1322 2433 videlicet
1353 2368 1437 2434 meri
1467 2368 1625 2444 redditus,
1648 2388 1706 2431 ex·

654 2470 757 2557 ceptis
779 2470 843 2534 hiis
866 2492 941 2556 qnae
963 2471 1003 2535 de
1037 2471 1217 2536 multorum
1251 2471 1465 2557 praelatorum
1499 2470 1635 2535 cameris
1656 2490 1706 2533 re·

489 2624 601 2691 Inquiry
655 2574 784 2659 cipiunt
806 2574 950 2659 praemiis
972 2578 1007 2638 et
1029 2574 1206 2651 donativis,
1231 2575 1274 2640 ad
1297 2574 1371 2661 plus
1400 2574 1583 2639 ascendisse
1606 2593 1705 2658 quam

486 2693 636 2743 manento
654 2677 846 2742 reddituum
866 2698 1005 2756 summa,
1028 2699 1129 2762 quam
1161 2677 1315 2742 dominus
1347 2699 1407 2743 rex
1438 2676 1479 2741 de
1509 2680 1582 2741 toto
1604 2696 1705 2761 regno

486 2757 714 2877 ssffissmsuo
737 2780 904 2867 percipere
919 2781 1099 2845 consuevit.
1135 2779 1292 2845 Confecta
1315 2785 1366 2843 est
1388 2779 1466 2844 inde
1490 2782 1589 2856 carta,
1606 2799 1705 2864 quam

485 2891 644 2958 receivedby
655 2880 821 2968 eleganter
842 2881 986 2947 dictavit
1019 2882 1185 2947 Robertus
1219 2883 1260 2946 de
1283 2878 1521 2969 Sotingduun‚⁶
1543 2880 1707 2966 querimo-

486 2958 644 3078 ffiffl‘
654 2983 761 3061 nialla,
795 2984 839 3048 ad
872 2985 1047 3050 concilium
1077 2983 1233 3073 generale
1271 2981 1534 3071 praesentanda⁷
1599 2983 1706 3050 Electi

485 3090 611 3145 iunoni·
655 3089 733 3151 sunt
756 3086 862 3173 igitur
893 3088 936 3152 ad
967 3087 1029 3153 hoc
1060 3087 1173 3152 nuncii
1203 3087 1407 3174 sollempnes,
1429 3109 1535 3153 comes
1558 3087 1707 3175 Rogerus

486 3172 552 3209 m
655 3187 772 3275 Bigod,
806 3188 977 3256 Johannes
1010 3190 1265 3268 filius-Galliidi,
1293 3189 1479 3256 Willelmus
1513 3189 1553 3255 de
1585 3188 1706 3255 (laute-

653 3291 740 3380 lupo‚
778 3291 950 3381 Philippus
985 3293 1110 3374 Basset,
1145 3293 1341 3381 Radulphus
1371 3292 1638 3374 filius-Nicholai,
1671 3298 1707 3359 et

690 3599 696 3628 ¹
708 3600 798 3662 sactus
814 3606 850 3648 est
865 3598 945 3664 miles]
964 3598 1000 3651 So
1016 3600 1060 3651 the
1069 3601 1156 3650 rubrio
1240 3601 1402 3651 'auctoritas
1427 3635 1434 3650 .
1462 3637 1469 3650 .
1492 3637 1498 3650 .
1517 3594 1703 3663 procontanda]

657 3692 708 3727 was
730 3678 866 3743 originally
883 3679 991 3739 written,
1014 3681 1060 3730 but
1081 3681 1156 3730 aster·
1207 3681 1263 3731 The
1270 3681 1350 3732 entire
1361 3694 1467 3745 passage
1478 3677 1553 3741 (with
1561 3677 1605 3726 the
1614 3689 1707 3738 excep·
1822 3726 1828 3737 ,

655 3758 737 3808 warde
749 3757 832 3823 partly
843 3760 938 3820 erased,
950 3765 977 3808 to
993 3760 1068 3810 melre
1083 3775 1156 3809 room
1207 3762 1261 3812 tion
1272 3762 1303 3811 of
1309 3762 1352 3812 the
1359 3769 1409 3810 two
1418 3760 1468 3810 last
1473 3761 1564 3818 words,
1572 3757 1655 3807 which
1664 3770 1707 3804 are

612 3846 615 3854 '
655 3840 696 3891 for
716 3856 734 3892 a
755 3841 894 3892 correction
916 3841 944 3892 in
961 3842 1005 3892 the
1026 3849 1090 3894 text.
1123 3843 1156 3891 In
1183 3827 1186 3889 l
1207 3842 1408 3904 onanerasure)
1420 3840 1442 3889 is
1454 3838 1553 3888 written
1565 3837 1706 3900 onapieoe

655 3917 698 3970 the
714 3921 816 3985 margin
833 3921 857 3971 is
873 3923 962 3971 drama
979 3921 1020 3972 his
1036 3922 1119 3972 shield
1130 3922 1161 3972 of
1207 3922 1238 3971 of
1254 3921 1350 3972 vellum
1366 3921 1453 3984 posted
1464 3933 1526 3970 over
1543 3917 1586 3968 the
1598 3914 1706 3981 original

655 4014 730 4061 arms,
741 4000 1068 4062 vir.,or,threcoheverons
1075 4002 1155 4066 gulos,
1207 4007 1269 4062 text,
1286 3999 1378 4060 which,
1394 3998 1492 4064 though
1508 3997 1591 4062 partly
1610 3995 1706 4052 erased,

655 4080 706 4131 and
722 4081 831 4131 benemh
850 4081 873 4131 is
890 4081 997 4143 written,
1013 4082 1040 4131 in
1053 4083 1098 4132 red
1109 4081 1156 4133 let·
1207 4096 1255 4130 can
1277 4079 1330 4130 still
1346 4080 1378 4130 be
1392 4079 1453 4129 read
1469 4093 1497 4128 es
1512 4077 1620 4138 follows,
1636 4075 1707 4124 carso

655 4165 715 4222 ten,
743 4163 758 4189 “
770 4157 874 4210 Mittere
889 4160 998 4211 Rr'cards'
1014 4162 1106 4213 comitis
1127 4161 1157 4213 de
1208 4159 1320 4211 violenter
1334 4158 1463 4218 ditaverat,
1482 4165 1507 4207 et
1524 4159 1620 4207 inventa
1641 4153 1704 4220 [cst]

658 4236 758 4297 Clare,”
775 4241 827 4290 end
845 4254 907 4290 over
923 4241 966 4292 the
982 4242 1031 4292 lest
1046 4243 1118 4292 vord
1134 4241 1156 4292 is
1206 4256 1299 4291 amma
1310 4238 1445 4288 reddituum
1453 4252 1587 4285 annuorum
1597 4232 1708 4287 12.de

655 4319 736 4369 added
751 4317 892 4370 Glooernio.
1207 4335 1344 4371 marcarum
1360 4319 1420 4367 neeri
1435 4316 1550 4376 redditus,
1562 4315 1653 4381 absque
1670 4316 1707 4364 in·

689 4401 700 4430 ²
715 4400 781 4465 cum]
795 4400 888 4450 Added
898 4401 978 4451 abore
988 4401 1032 4452 the
1043 4401 1103 4452 line.
1201 4400 1285 4463 finitis
1296 4406 1321 4450 et
1335 4395 1443 4448 ωείᾱιιίε
1460 4394 1643 4457 amramitas,
1653 4411 1708 4460 quc

688 4481 699 4509 ⁸
715 4479 805 4544 tmsit]
825 4477 890 4529 This
900 4480 970 4530 word
986 4483 1037 4531 and
1048 4480 1091 4530 the
1102 4480 1159 4532 first
1207 4479 1243 4530 od
1258 4486 1351 4529 matum
1367 4492 1488 4526 armenon
1504 4475 1708 4540 aecendmjods'·

656 4566 706 4610 tvo
724 4558 843 4623 syllables
861 4558 892 4608 of
909 4558 953 4609 the
974 4566 1037 4611 next
1058 4575 1101 4611 are
1122 4574 1157 4611 ou
1207 4567 1303 4610 coam.
1340 4557 1461 4622 Confecto
1476 4564 1514 4606 cet
1531 4564 1588 4607 tunc
1605 4556 1708 4622 aptata

655 4653 688 4689 an
699 4653 807 4690 erasure.
1204 4638 1306 4704 prolixa
1318 4655 1366 4704 per
1376 4639 1446 4704 requi
1455 4637 1636 4687 uetustatem
1654 4638 1708 4686 mit-

688 4720 698 4748 ⁴
720 4717 845 4784 ddiqeater
884 4719 990 4785 inquire]
1034 4719 1157 4785 Supplied
1208 4718 1282 4771 tendo
1303 4715 1492 4783 querimonialis,
1520 4715 1556 4766 od
1581 4715 1708 4769 concilium

655 4796 801 4848 MEO.
1205 4797 1318 4865 peperolo
1345 4796 1484 4862 deserenda.
1506 4797 1532 4846 in
1557 4812 1607 4861 quc
1629 4804 1707 4848 estor-

687 4876 840 4943 ⁵ditaveratJ
854 4877 947 4929 Added
958 4893 1034 4929 onan
1047 4892 1155 4930 erasme.
1207 4882 1287 4931 aiones
1302 4874 1409 4944 papales
1428 4884 1452 4928 et
1469 4878 1608 4928 naemu
1625 4914 1632 4927 .
1650 4915 1656 4928 .
1674 4917 1705 4931 ..

688 4958 787 5007 ‘carta
804 4996 811 5008 .
829 4994 835 5007 .
853 4995 861 5008 .
881 4955 1047 5023 Sotinyduun]
1063 4959 1157 5008 Added
1209 4957 1430 5024 [contiubuntur]
1464 4956 1504 5012 Of.
1525 4960 1563 5009 ed.
1575 4958 1656 5021 wau,
1666 4976 1707 5024 pp.

654 5038 682 5087 in
699 5052 779 5102 marg.
814 5036 879 5088 This
896 5039 969 5088 letter
986 5037 1010 5088 is
1029 5038 1056 5086 in
1076 5038 1106 5087 B.
1126 5038 1155 5089 C.
1208 5045 1298 5090 sos-9.
1385 5051 1395 5067 ·

655 5117 836 5183 (Μαίη.
848 5122 921 5185 scs.)
