4517 6425
631 1164 696 1228 442
753 1176 921 1229 ramniu
942 1175 1157 1229 ernmrmisrs
1175 1174 1340 1228 maroam
1358 1175 1558 1229 suanorum

463 1366 532 1419 AJ).
548 1374 619 1421 1240.
631 1358 731 1441 portu
764 1353 927 1443 applicuit
948 1353 1125 1431 Aconsnai,
1148 1348 1222 1419 xii⁰.
1246 1354 1299 1420 die
1333 1358 1408 1441 post
1430 1353 1554 1418 festum
1576 1351 1685 1417 sancti

465 1449 591 1567 ffl⁰¹5
632 1457 809 1525 Michaelis.
856 1459 902 1523 Et
933 1462 1056 1545 postea,
1079 1457 1181 1523 tertia
1215 1457 1276 1535 die,
1299 1479 1380 1524 voce
1409 1456 1574 1544 praeconia
1603 1454 1685 1521 fecit

487 1601 520 1647 29
532 1596 601 1663 sept.
629 1561 811 1643 acclamari,
834 1566 874 1627 ut
907 1562 1020 1627 nullus
1051 1561 1244 1648 peregrinus
1267 1561 1435 1627 recederet
1467 1583 1528 1648 pro
1550 1558 1683 1626 defectu

630 1666 786 1753 pecuniae,
809 1667 867 1731 sed
889 1665 1064 1753 stipendiis
1086 1665 1158 1752 ejus
1182 1663 1314 1732 Christo
1337 1664 1508 1731 militaret.

665 1938 715 2009 ru
736 1940 893 2013 trama
914 1940 1002 2010 cati
1023 1940 1221 2059 rapui,
1244 1939 1510 2011 caucaseae
1531 1939 1644 2009 arcia
1757 1909 1762 1915 ’

1074 2067 1230 2133 tpwcopt.

460 2232 586 2287 Dauos
673 2220 765 2287 Dum
786 2228 899 2317 autem
920 2223 1098 2290 fortunalis
1133 2229 1207 2289 rota
1238 2222 1284 2288 sic
1317 2222 1525 2288 mundanum
1546 2243 1678 2288 cursum

459 2300 615 2431 fflffin·
626 2324 817 2391 volubiliter
838 2327 1032 2415 exagitaret,
1055 2326 1174 2392 beatus
1197 2325 1403 2406 Edmundus,
1429 2325 1679 2391 Cantuariensis

458 2437 568 2504 terbuy.
626 2428 894 2516 archiepiscopus,
918 2431 999 2496 dum
1028 2430 1117 2517 apud
1141 2429 1373 2496 Pontiniacum
1402 2429 1531 2514 aliquot
1560 2429 1677 2495 diebus

624 2536 817 2613 moraretur,
842 2554 938 2599 orans
968 2556 1027 2622 pro
1059 2538 1153 2599 statu
1184 2533 1327 2599 ecclesiae
1349 2532 1553 2620 Anglicanae,
1577 2532 1678 2619 coepit

624 2632 793 2702 infirmari.
828 2635 895 2717 Et,
918 2642 959 2701 ut
989 2637 1128 2724 gratiori
1161 2658 1234 2701 aere
1268 2636 1312 2702 ad
1343 2637 1458 2701 horam
1489 2636 1676 2722 respiraret,

624 2729 761 2803 consilio
805 2740 1007 2804 medicorum
1052 2739 1143 2827 apud
1188 2738 1294 2825 Soysi,
1332 2738 1469 2804 domum
1510 2738 1676 2825 quandam

623 2841 878 2923 canonicorum,¹
911 2842 1059 2921 divertit,
1090 2864 1217 2908 moram
1251 2842 1397 2907 facturus
1428 2840 1552 2907 ibidem
1564 2839 1590 2922 ;9
1616 2841 1676 2906 ubi
1793 2868 1796 2872 ·

480 2961 587 3017 rosor.
622 2945 770 3029 graviter
791 2945 988 3025 infirmatus,
1013 2945 1096 3012 xvi0.
1119 2946 1280 3011 kalendas
1302 2945 1493 3011 Decembris
1515 2945 1674 3033 migravit
1683 2964 1729 3016 fol
1742 2966 1821 3023 roth.

622 3046 665 3112 ad
687 3046 879 3114 Dominum
924 3048 1027 3134 Cujus
1050 3050 1123 3114 vitu
1157 3049 1300 3136 gloriosa
1331 3056 1365 3115 et
1399 3071 1488 3115 mors
1518 3048 1671 3136 pretiosa,
1866 3033 1874 3060 ““

622 3173 697 3217 cum
719 3151 875 3241 speciales
897 3157 1059 3219 tractatus
1083 3152 1220 3239 exigant
1243 3157 1278 3219 et
1300 3151 1462 3232 diffusos,8
1484 3150 1528 3218 ad
1550 3152 1673 3219 librum

622 3253 862 3323 transferatur⁴
885 3255 988 3322 lector
1010 3254 1349 3323 Additamentorum.5

657 3529 879 3600 Omwccrutur
899 3530 1060 3620 eupator
1082 3531 1206 3600 Petrus
1228 3530 1270 3599 clo
1291 3530 1479 3619 Epcblouko
1500 3531 1544 3601 iot
1566 3531 1636 3621 cpi

916 3658 1055 3724 scopum
1076 3635 1367 3723 Hercfordcuscm.

475 3833 581 3885 sanae
664 3811 760 3879 Circa
792 3812 882 3879 idem
912 3817 1053 3901 tempus,
1069 3813 1133 3880 die
1164 3812 1289 3880 scilicet
1312 3812 1488 3881 Dominica
1516 3813 1669 3904 proxima

451 3910 570 3965 Peterde
618 3918 697 3980 ante
731 3914 853 3981 Natale
876 3916 1021 3995 Domini,
1043 3924 1251 3984 consecratus
1284 3923 1335 3984 est
1367 3917 1525 4006 magister
1550 3918 1668 3987 Petrus

451 3979 598 4098 fflm‘
619 4017 660 4083 de
682 4017 875 4106 Egeblanke
897 4020 934 4084 in
956 4021 1144 4108 episcopum
1167 4020 1451 4088 Herefordensem.

451 4117 537 4166 orated
547 4116 589 4184 bp.

450 4181 481 4230 os
492 4182 573 4235 Here-

449 4247 514 4300 ford.

651 4354 657 4385 ¹
675 4353 798 4418 quondum
817 4354 1000 4421 cononuorcm]
1022 4355 1064 4410 On
1082 4369 1115 4407 ιιι
1161 4355 1422 4407 Additamentorum”
1440 4355 1454 4406 1
1471 4356 1524 4407 lind
1540 4355 1602 4421 only
1613 4364 1665 4406 two

617 4449 726 4486 nature.
1161 4437 1246 4487 letters
1266 4435 1352 4487 which
1371 4437 1450 4487 relate
1470 4443 1497 4486 to
1522 4435 1566 4487 the
1590 4435 1664 4485 arch·

649 4517 658 4544 ²
676 4513 774 4581 ibidem]
794 4514 925 4566 Addedto
936 4515 979 4566 the
991 4523 1053 4566 text.
1160 4515 1272 4579 bishop'a
1291 4515 1467 4566 canonizatiou
1485 4517 1536 4566 und
1554 4515 1662 4566 translu-

650 4596 660 4624 ¹
674 4603 698 4645 et
708 4594 824 4662 diffmoa]
845 4597 885 4647 On
897 4611 929 4646 ιιι
941 4612 1048 4647 erasure.
1161 4597 1222 4658 tion,
1235 4596 1334 4660 printed
1346 4596 1373 4645 in
1385 4597 1423 4646 ed.
1441 4595 1523 4655 Wata,
1535 4612 1577 4660 pp.
1597 4600 1662 4645 156-

648 4677 657 4704 ¹
675 4676 854 4742 causaretur]
874 4676 929 4726 The
944 4677 992 4737 last
1002 4685 1053 4728 two
1065 4677 1115 4741 syl·
1163 4681 1218 4726 161.
1252 4676 1326 4740 They
1343 4692 1385 4726 ure
1394 4677 1504 4726 referred
1516 4683 1541 4725 to
1553 4676 1580 4725 in
1591 4676 1622 4727 Β.
1633 4675 1661 4727 C.

613 4754 691 4806 lables
703 4772 745 4807 are
757 4773 790 4806 on
802 4771 835 4806 an
846 4771 955 4809 erasure.
1160 4757 1240 4809 under
1249 4755 1292 4808 the
1304 4769 1378 4823 years
1391 4760 1455 4806 1246
1467 4757 1517 4807 and
1531 4760 1602 4809 1247.

646 4834 906 4903 'Additamentorum]
919 4837 952 4887 In
960 4837 1004 4887 the
1012 4840 1028 4867 “
1036 4837 1115 4888 Liber
