4517 6425
756 1189 802 1236 ua
823 1188 983 1237 rmrroas
1006 1187 1107 1236 arms
1130 1188 1288 1252 ussmcr,
1311 1190 1377 1238 vm.
1401 1190 1526 1238 'runnu
1601 1176 1663 1238 221

613 1358 766 1424 mabilem
789 1360 937 1446 pecuniae
957 1360 1189 1446 quantitatem,
1206 1365 1241 1426 et
1257 1361 1345 1447 quod
1368 1362 1488 1427 exinde
1510 1361 1572 1427 sub
1593 1383 1668 1449 rege
1681 1371 1749 1423 dl).
1764 1376 1835 1424 1217.

614 1462 799 1548 Anglorum
812 1462 956 1528 fideliter
976 1463 1144 1528 militaret.
1191 1462 1297 1543 Quem
1313 1463 1468 1550 quidam¹
1490 1486 1534 1529 ex
1550 1464 1670 1552 Anglis

443 1576 602 1654 Ranend
614 1565 817 1630 truculenter
838 1565 1006 1652 arripiens,
1028 1565 1087 1645 ait,
1104 1566 1314 1652 “Nunquam
1336 1566 1376 1632 de
1398 1571 1505 1632 cetero
1525 1567 1669 1653 aliquem

471 1658 506 1696 Ν·
519 1650 559 1695 ³⁰·
614 1667 757 1754 amplius
781 1667 923 1755 decipies
936 1668 967 1749 ;''
993 1672 1037 1744 et,
1061 1667 1180 1733 educto
1202 1669 1321 1755 gladio,
1345 1674 1446 1755 caput
1473 1691 1570 1734 suum
1600 1692 1669 1734 am·

594 1771 756 1857 ,putavit
814 1770 899 1836 Cum
937 1775 1049 1836 autem
1087 1770 1271 1852 Hubertus,
1305 1772 1414 1837 victor
1446 1771 1667 1852 miraculosus,
1684 1783 1803 1836 suevia

595 1874 657 1938 .ad
690 1872 772 1938 litus
803 1872 900 1938 laetus
930 1872 1144 1961 pervenisset,
1169 1879 1388 1960 perrexerunt
1417 1875 1448 1939 ei
1480 1875 1613 1940 obviam
1635 1858 1797 1970 61)ᾘίῗᾷ

594 1976 683 2040 .suis
714 1976 958 2041 convictoribus
992 1998 1105 2041 omnes
1128 1976 1281 2064 episcopi,
1308 1978 1365 2063 qui
1396 1977 1522 2043 ibidem
1551 1979 1802 2050 extiteritis

595 2085 700 2155 rant,
731 2080 831 2143 sacris
864 2079 974 2144 induti
1000 2078 1159 2158 vestibus,
1187 2101 1261 2144 cum
1292 2080 1442 2145 crucibus
1472 2086 1507 2146 et
1528 2081 1670 2159 vexillis,
1682 2052 1785 2183 mg,

595 2186 788 2246 cantantes
821 2181 1047 2267 sollempniter
1080 2187 1114 2247 et
1145 2182 1254 2247 Deum
1288 2181 1524 2250 collaudantes.
1578 2183 1671 2271 Mag·
1684 2186 1838 2237 annuales.

595 2283 732 2349 ‚nates²
754 2284 854 2348 etiam
877 2306 976 2370 super
997 2284 1080 2349 litus
1103 2289 1324 2370 expectantes,
1348 2292 1387 2351 ut
1412 2284 1472 2348 in³
1494 2286 1613 2366 hostes,
1641 2286 1671 2351 si

597 2387 858 2474 applicuissent,
896 2387 1070 2467 irruerent,
1104 2388 1256 2453 videntes
1292 2409 1362 2453 rem
1399 2394 1669 2468 consummatam,

596 2489 797 2555 .victoribus
815 2490 1068 2576 applaudebant.
1106 2490 1220 2576 Spolia
1240 2491 1353 2577 itaque
1372 2492 1508 2556 navium
1530 2492 1669 2570 isauro,

615 2597 759 2679 argento,
783 2592 902 2678 pannis
925 2592 1045 2673 sericis,
1069 2593 1170 2657 armis
1193 2597 1227 2657 et
1250 2594 1352 2678 equis,
1375 2616 1449 2658 curn
1471 2593 1668 2679 prisonibus,

616 2695 652 2758 in
674 2717 752 2759 usus
766 2693 885 2760 merito
903 2698 1071 2761 cesserunt
1088 2694 1377 2782 triumphantium.
1422 2695 1533 2781 Hujus
1555 2702 1666 2762 autem
1682 2713 1793 2765 Griefos

616 2798 664 2862 rei
695 2801 834 2863 eventus
871 2820 945 2864 curn
982 2800 1024 2864 ad
1063 2798 1245 2864 Lodouuici
1278 2800 1433 2878 notitiam
1468 2800 1665 2887 perveniret,
1679 2780 1765 2831 Iouis

617 2900 723 2966 multo
758 2900 1002 2987 praecordialius
1034 2899 1150 2981 doluit,
1185 2923 1284 2987 quam
1319 2903 1359 2968 de
1393 2901 1576 2968 infortunio
1606 2902 1670 2967 sibi

599 3004 705 3089 ‚apud
730 3003 934 3068 Lincolniam
962 3004 1117 3090 irrogato.
1170 3004 1277 3070 Erant
1308 3004 1397 3069 enim
1427 3005 1551 3071 ibidem
1580 3006 1670 3092 capti

599 3106 659 3171 .de
681 3106 900 3172 nobilioribus
925 3107 1081 3186 Franciae,
1107 3107 1272 3173 Robertus
1298 3108 1423 3174 scilicet
1445 3108 1485 3174 de
1502 3108 1668 3189 Curtenai,

599 3215 653 3274 .et
686 3209 745 3275 alii
775 3209 884 3292 multi,
918 3233 1059 3296 quorum
1096 3211 1232 3276 nomina
1275 3210 1411 3299 longum
1451 3218 1536 3279 esset
1573 3211 1669 3278 dinu-

599 3360 605 3373 .
619 3335 750 3378 merare.

619 3618 670 3684 Dc
689 3640 774 3706 pace
789 3624 820 3684 ct
835 3617 1017 3685 concordio
1032 3617 1130 3704 fucta
1152 3617 1376 3705 interregem
1399 3624 1428 3684 et
1442 3616 1667 3685 Lodouricum.

451 3779 608 3845 Roawend.
664 3769 875 3835 Marescallus
898 3770 1011 3857 igitur,
1032 3769 1119 3855 regis
1143 3774 1178 3834 et
1201 3770 1295 3856 regni
1317 3775 1431 3847 rector,
1457 3770 1801 3856 congregavitTheearl

487 3847 520 3897 iv.
533 3855 573 3898 so.
618 3873 801 3938 exercitum
825 3872 985 3961 grandem
1009 3871 1155 3936 militurn
1175 3877 1210 3936 et
1232 3871 1399 3949 clientum,
1423 3877 1524 3958 atque
1545 3872 1583 3936 in
1604 3872 1669 3936 for.
1682 3849 1796 3979 mg}

618 3975 764 4042 titudine
796 3975 891 4063 gravi
923 3975 966 4040 ad
997 3975 1112 4039 urbem
1145 3974 1391 4040 Londoniarum
1423 3996 1458 4040 se
1492 3973 1798 4055 conformanda.

618 4079 747 4144 obsedit
767 4101 840 4144 eam
861 4100 919 4164 per
940 4076 1060 4164 girum,
1078 4076 1115 4142 id
1138 4082 1196 4156 est,
1214 4099 1273 4163 per
1287 4084 1410 4143 terram
1433 4077 1533 4142 simul
1555 4083 1590 4144 et
1612 4100 1671 4165 per

618 4203 759 4267 aquam;
781 4202 943 4268 omneque
966 4179 1102 4246 inclusis
1116 4179 1315 4245 victualium
1336 4201 1440 4266 genus
1463 4180 1670 4258 subtrahens,

618 4283 661 4348 ad
682 4282 884 4349 deditionem
908 4305 963 4349 eos
984 4282 1178 4370 compellere
1193 4282 1373 4370 satagebat.
1412 4283 1461 4348 At
1476 4282 1670 4348 Lodowicus
1681 4295 1829 4428 &pampro

654 4578 785 4645 ¹qcr'dca]
821 4578 972 4643 According
995 4586 1022 4629 to
1045 4578 1123 4628 Wen-
1167 4578 1234 4629 linus
1244 4576 1518 4642 Bathonleusis,Hugo
1530 4576 1669 4628 cicestren·

621 4661 700 4709 dover
716 4659 899 4723 (followedby
915 4659 946 4709 B.
966 4658 1009 4723 C.)
1033 4658 1054 4707 it
1070 4673 1122 4707 was
1167 4657 1210 4718 sis,
1223 4657 1352 4722 episcopi;
1370 4671 1478 4722 magnus
1496 4655 1669 4717 MurescaItus,

620 4738 740 4800 Richard,
759 4737 802 4787 the
824 4737 923 4788 natural
945 4752 991 4787 son
1014 4736 1044 4786 of
1058 4736 1122 4802 king
1166 4752 1250 4788 comes
1272 4736 1437 4797 Herefordiae,
1458 4750 1541 4785 comes
1559 4734 1669 4786 waran-

621 4818 700 4869 John.
1166 4816 1224 4876 nia,
1240 4829 1323 4866 comes
1334 4813 1667 4877 Albemarliae‚magnatea;

653 4896 823 4965 maana]
849 4895 882 4945 In
909 4895 951 4946 the
978 4894 1078 4960 margin
1100 4894 1122 4944 ia
1166 4896 1264 4961 legatus
1297 4894 1423 4944 circuiens
1453 4891 1611 4956 provinciam
1641 4891 1669 4941 in

620 4979 702 5029 added
714 4978 757 5028 the
773 4975 904 5040 following
919 4981 994 5026 note:
1016 4973 1123 5025 “Erant
1166 4972 1339 5038 adjutorium·
1372 4970 1577 5022 Inl'tthisnote
1591 4971 1614 5020 is
1630 4970 1668 5020 in·

620 5074 728 5124 namque
739 5058 842 5118 ibidem,
858 5056 948 5106 Petrus
959 5054 1120 5106 Wintcnien·
1166 5053 1312 5116 corporated
1322 5052 1349 5101 iu
1360 5051 1404 5101 the
1414 5057 1476 5101 text

620 5137 662 5198 ais,
687 5138 811 5190 Ricardus
830 5133 1029 5195 Sucubiriensis,
1047 5133 1121 5184 Joco-
1200 5130 1261 5196 ⁸ia]
1281 5129 1427 5180 Interlined
