4517 6425
711 1179 759 1230 nn
780 1180 938 1232 rnuroan
960 1181 1061 1231 arare
1083 1183 1240 1246 nesarci,
1263 1184 1330 1233 vra.
1354 1183 1476 1232 rnarn.
1549 1165 1615 1235 387

569 1351 751 1420 effunderet
783 1356 819 1420 in
853 1357 957 1445 ipsius
990 1358 1120 1440 comitis
1157 1358 1328 1435 auxilium,
1364 1358 1467 1423 donec
1506 1358 1617 1423 omnia
1632 1364 1697 1417 al).
1713 1373 1784 1419 rasa

563 1451 650 1539 jura,
684 1479 758 1543 quae
788 1482 848 1525 rex
880 1460 1013 1547 Angliae
1050 1459 1198 1548 postulat
1235 1461 1343 1547 ipsum
1377 1461 1612 1547 contingentia,

566 1565 782 1646 recuperaret,
805 1562 939 1649 insuper
960 1563 1043 1629 fines
1071 1563 1229 1650 pristinos
1256 1562 1420 1629 dilataret
1465 1564 1674 1631 Audiensms
1688 1591 1788 1648 aquea

566 1667 678 1726 autem
700 1663 772 1730 haec
796 1686 864 1743 rex,
888 1664 988 1729 simul
1010 1671 1045 1730 et
1066 1672 1239 1752 magnates
1267 1664 1392 1765 ibidem
1414 1666 1611 1751 congregati,
1625 1648 1776 1768 {ffiffit

565 1763 751 1848 praehabita
773 1765 1020 1848 deliberatione,
1050 1768 1300 1854 responderunt,
1324 1766 1413 1853 quod
1435 1789 1503 1833 non
1526 1773 1613 1833 esset
1624 1782 1786 1834 ornabant

566 1869 679 1931 tutum
701 1873 772 1933 tam
795 1868 954 1934 tenellum
977 1875 1077 1934 aetate
1098 1870 1135 1934 in
1157 1870 1279 1935 calidas
1308 1869 1457 1957 regiones
1479 1869 1612 1935 mittere
1624 1849 1711 1912 5⁰⁰²h·

567 1971 602 2032 et
624 1970 742 2035 dubios
765 1993 857 2037 casus
886 1992 1014 2059 guerrae
1043 1978 1159 2038 contra
1189 1973 1333 2039 Francos
1363 1972 1515 2059 experiri,
1539 1994 1614 2038 cum

564 2068 672 2137 adhuc
695 2074 812 2139 unicus
835 2080 870 2140 et
891 2074 1089 2140 manifestus
1119 2074 1214 2140 heres
1243 2075 1330 2162 regis
1353 2079 1388 2139 et
1409 2076 1505 2161 regni
1529 2097 1615 2141 com-

565 2173 802 2257 probaretur3¹
828 2181 863 2242 ot
893 2176 934 2241 do
963 2176 1086 2263 regina,
1118 2198 1193 2242 cum
1219 2177 1264 2242 sit
1285 2176 1475 2262 juvencula,
1499 2182 1613 2242 utrum

561 2274 607 2338 sit
628 2276 750 2341 sterilis
772 2283 833 2342 aut
854 2277 1017 2358 foecunda
1041 2279 1175 2364 penitus
1197 2278 1428 2366 ignoraretur.⁹
1475 2278 1527 2343 De
1553 2278 1614 2343 ali-
1725 2358 1731 2372 .

561 2398 626 2462 quo
649 2384 762 2444 autem
790 2382 865 2460 alio,
887 2382 915 2446 si
938 2382 1081 2468 placeret
1107 2382 1309 2468 imperatori,
1333 2381 1417 2448 bene
1448 2383 1612 2447 consenti-

561 2485 645 2545 rent.
691 2481 738 2547 Et
759 2482 806 2548 sic
830 2484 944 2548 nuncii
966 2490 1180 2561 recesserunt,
1205 2485 1264 2550 sed
1290 2505 1359 2550 non
1386 2487 1437 2549 es't
1459 2484 1612 2548 auditum

562 2590 677 2669 postea
698 2584 740 2649 de
761 2567 936 2652 Veluniate
965 2586 1181 2673 imperatoris.
1225 2587 1471 2675 Argumentose
1496 2590 1609 2651 tamen
1624 2599 1774 2671 'rheempe-

561 2707 582 2749 a
612 2685 745 2753 domino
774 2710 858 2776 rege,
889 2689 984 2774 quasi
1013 2689 1175 2776 impostor
1204 2688 1405 2777 prodigialis,
1434 2688 1608 2776 pecuniam
1623 2682 1666 2716 ¹⁰f
1676 2673 1774 2724 ⁰b¹³i¹¹⁸

1621 2740 1782 2802 moneyfrom

562 2790 703 2856 extorsit
733 2813 802 2857 non
832 2789 1030 2857 minimam³
1053 2791 1093 2858 de
1115 2792 1170 2857 die
1199 2791 1236 2859 in
1257 2792 1355 2873 diem,
1388 2793 1512 2859 scilicet
1534 2814 1609 2881 quae
1621 2801 1664 2853 the
1677 2805 1747 2871 king.

561 2895 721 2961 remansit
744 2894 975 2962 exhibendam.
1084 2943 1088 2952 -
1184 2868 1220 2939 3

581 3184 631 3251 De
653 3185 879 3273 quibasdam*
900 3186 1000 3254 novis
1022 3185 1151 3274 lacibus
1172 3194 1255 3255 tanc
1278 3210 1301 3255 a
1322 3210 1396 3274 φερε
1419 3186 1585 3259 macaria

606 3332 733 3398 Diebus
763 3335 863 3399 etiam
898 3335 959 3400 sub
994 3335 1117 3400 eisdem
1149 3358 1208 3401 rex
1240 3335 1405 3401 Henricus
1439 3334 1514 3415 ΙΙΙ,
1547 3355 1606 3420 pro
1621 3344 1756 3397 Newlawr

561 3434 667 3500 salute
701 3437 821 3502 auimae
853 3458 921 3502 suae
951 3440 985 3502 et
1011 3438 1104 3524 regni
1139 3438 1377 3516 emendatione,
1404 3441 1439 3501 et
1468 3442 1508 3500 ut
1538 3437 1604 3500 Do·
1619 3415 1731 3541 gffit

562 3541 670 3604 minus
693 3540 817 3626 prolem
839 3541 904 3606 sibi
926 3541 1117 3606 concederet
1147 3540 1359 3620 fortunatam,
1383 3539 1469 3626 apud
1503 3539 1608 3605 Mere·
1622 3545 1731 3598 liemon.

561 3641 699 3708 tonam⁶
723 3643 882 3729 quasdam
911 3664 1014 3708 novas
1042 3642 1140 3728 leges,
1166 3642 1285 3728 spiritu
1314 3642 1433 3706 ductus
1463 3640 1608 3726 justitiae

560 3749 595 3809 et
618 3746 762 3831 pietatis,
786 3745 967 3823 constituit,
991 3750 1027 3810 et
1048 3746 1247 3811 constitutas
1269 3767 1328 3832 per
1350 3766 1488 3831 regnum
1512 3766 1609 3810 suum

559 3846 800 3914 inviolabiliter
823 3849 926 3935 jussit
955 3848 1130 3914 observari
1178 3848 1261 3929 Quae
1290 3848 1327 3912 in
1358 3847 1442 3913 libro
1473 3847 1611 3934 Supple-

560 3955 746 4016 mentorum
773 3951 828 4017 vel
860 3950 1175 4017 Additamentorum
1210 3949 1340 4037 plenius
1371 3954 1530 4037 poterunt
1560 3973 1609 4016 re-

560 4052 683 4139 peri1·i.⁰

593 4329 819 4397 'comprobarem
838 4329 941 4381 Atura
958 4330 1060 4381 written
1136 4326 1227 4394 ’apud
1253 4330 1415 4395 Meretonam]
1451 4328 1545 4381 Added
1576 4328 1604 4379 in

558 4409 728 4475 conprobetur,
737 4409 802 4461 asin
810 4410 841 4462 B.
850 4409 889 4472 0.,
901 4411 946 4461 but
957 4425 1021 4460 corr.
1033 4409 1061 4458 in
1087 4449 1090 4455 .
1104 4423 1184 4474 marg.

560 4504 640 4554 marg.
1137 4486 1242 4538 ‘These
1253 4487 1314 4537 larrs
1322 4503 1379 4551 pass
1386 4488 1468 4538 under
1478 4488 1521 4537 the
1531 4502 1605 4537 name

591 4592 778 4661 umam]
804 4592 837 4642 In
855 4591 899 4643 the
921 4599 977 4644 tm
995 4594 1062 4658 ἔφη),
1104 4567 1135 4616 of
1147 4566 1191 4617 the
1211 4566 1321 4656 §tatum
1340 4566 1507 4658 olnMertom
1533 4565 1606 4631 They

559 4675 765 4735 retrabuteorr.
782 4671 810 4720 in
827 4686 907 4736 marg,
940 4672 973 4722 1„
988 4672 1019 4723 B,
1032 4671 1061 4722 0,
1104 4653 1248 4696 arenam
1265 4645 1605 4696 the‘⁴L1berAdd1tamen·

560 4756 693 4822 iquoratur.
1104 4725 1212 4816 torum?
1224 4723 1323 4816 butthe
1342 4726 1475 4774 substance
1494 4724 1524 4774 of
1539 4724 1609 4772 them

590 4857 745 4924 Μ
893 4855 951 4909 Μ
1105 4883 1608 4946 n

590 4963 767 5032 maana]
786 4962 888 5028 quibua,
899 4962 957 5015 MS.
1105 4962 1201 5016 Luard.

1366 5185 1478 5247 31³2
