4517 6425
873 1276 920 1323 na
942 1275 1102 1324 rsuroua
1124 1275 1226 1323 euers
1248 1274 1402 1323 nicrum.
1489 1252 1493 1259 '
1623 1258 1664 1318 25

616 1453 741 1531 buerat,
762 1451 967 1539 adimplevit.
1015 1452 1056 1515 In
1079 1450 1173 1536 cujus
1203 1452 1251 1515 rei
1283 1451 1453 1527 ultionem,
1485 1450 1552 1513 duo
1574 1447 1668 1510 milia
1681 1452 1842 1503 A·D·ll⁹1.

597 1556 739 1621 .eivium
773 1561 808 1620 et
842 1554 991 1619 sexcenti
1024 1560 1104 1619 sunt
1143 1553 1332 1640 decapitati,
1366 1550 1484 1618 ceteris
1514 1550 1667 1616 carcerali

598 1658 777 1725 custodie
799 1656 1006 1745 mancipatis,

463 1936 510 1986 sol.
524 1935 600 2019 rob..
692 1921 736 1989 m
758 1944 816 1988 rec
837 1921 1055 1988 Francorum
1076 1918 1221 1987 invidio
1244 1920 1368 1989 ductas
1390 1917 1603 2007 repatriavit.

444 2086 606 2162 negavere.
664 2071 851 2158 Subjugata
872 2071 986 2156 itaque
1005 2070 1152 2151 civitate,
1181 2093 1239 2135 rex
1262 2069 1467 2136 Francorum
1489 2067 1672 2156 repatriare
1685 2071 1844 2137 Thelingos

483 2159 574 2202 Μ·
620 2174 791 2260 disposuit,
815 2176 909 2260 quasi
924 2179 997 2239 toto
1019 2173 1154 2259 negotio
1173 2173 1245 2260 jam
1268 2177 1500 2239 consummate.
1546 2138 1840 2255 Anxie-ffiffirfii,

620 2276 740 2341 batur¹
769 2278 858 2340 enim
883 2298 982 2363 supra
1006 2276 1152 2353 modum,
1179 2298 1217 2341 eo
1245 2276 1332 2360 quod
1356 2276 1511 2341 universa
1535 2297 1609 2360 qua*
1636 2274 1672 2337 in
1684 2279 1799 2337 country.

596 2381 768 2445 -exercitu
795 2380 986 2445 Christiano
1008 2379 1135 2444 fiebant
1164 2379 1343 2465 probitatis
1367 2401 1405 2443 ac
1434 2377 1672 2464 prosperitatis,

621 2483 690 2568 regi
722 2481 864 2546 Ricardo
891 2481 1148 2547 ascribebantur.
1195 2480 1407 2546 Praetendens
1434 2482 1539 2568 igitur
1564 2480 1674 2547 aerarii

621 2585 776 2672 inopiam,
800 2584 889 2648 dixit
904 2606 938 2648 se
960 2584 1009 2648 ibi
1033 2584 1161 2648 diutius
1183 2583 1308 2648 morari
1333 2605 1399 2649 non
1426 2606 1526 2669 posse.
1575 2584 1673 2663 Quod

446 2704 609 2766 Rognvend.
621 2710 696 2753 cum
712 2710 770 2753 rex
785 2687 954 2766 Ricardus,
971 2687 1023 2751 cui
1044 2688 1164 2752 ardens
1185 2687 1253 2751 fuit
1276 2687 1477 2752 desiderium
1499 2686 1671 2774 negotium

482 2773 522 2822 iii.
535 2778 575 2820 ⁴³·
622 2791 725 2856 crucis
762 2812 996 2867 consummare,
1030 2790 1245 2875 cognovisset,
1282 2791 1432 2876 promisit
1469 2813 1503 2855 se
1541 2794 1673 2876 promta
1686 2800 1843 2878 Maeniani-

622 2893 821 2958 hberalitatc
846 2894 915 2980 regi
946 2892 1146 2958 Francorum
1169 2894 1486 2958 communicaturum
1517 2869 1811 3000 quicquidsrljjsslffi'ss

625 2996 661 3059 in
692 3019 782 3076 auro,
823 3002 970 3084 argeum,
1004 2996 1278 3082 victualibusque,
1313 2995 1471 3083 quicquid
1508 2996 1607 3061 etiam
1638 2996 1764 3059 incurri.

629 3099 730 3183 equis,
764 3099 866 3164 armis
899 3100 953 3163 vel
986 3098 1127 3163 navibus
1165 3099 1318 3186 possedit,
1351 3099 1587 3179 medictatem3
1627 3099 1676 3163 ita

628 3202 793 3278 videlicet,
824 3207 864 3267 ut
895 3202 1044 3268 inimicos
1068 3201 1194 3267 Christi
1225 3202 1323 3267 simul
1354 3202 1395 3268 de
1425 3202 1525 3268 Terra
1553 3202 1676 3267 Sancta

625 3305 815 3391 disperdere
839 3304 1033 3370 laborarent.
1080 3304 1146 3370 Sed
1169 3307 1325 3391 quoniam
1348 3304 1437 3370 idem
1461 3328 1520 3370 rex
1536 3305 1563 3368 F
1565 3328 1676 3370 raneo-

624 3430 696 3472 rum
720 3407 865 3472 reditum
890 3430 985 3472 suum
1003 3407 1178 3492 juraverat
1200 3415 1234 3474 et
1262 3407 1518 3473 immutabiliter
1541 3408 1673 3472 ordina-

625 3514 728 3588 verat,
755 3509 822 3575 suis
853 3515 1043 3575 constanter
1071 3511 1339 3587 reclamantibus
1362 3516 1499 3595 totoque
1528 3512 1675 3576 exercitu

624 3613 772 3700 graviter
794 3618 1014 3690 consternato,
1040 3635 1113 3678 cum
1145 3613 1257 3700 paucis
1280 3635 1413 3678 suorum
1435 3613 1675 3700 repatriaturus

625 3737 725 3781 naves
750 3715 908 3780 ascendit.
971 3715 1115 3780 Suborta
1140 3716 1205 3780 fuit
1239 3716 1375 3803 insuper
1397 3716 1599 3803 interreges
1624 3738 1675 3782 oc·
1688 3733 1821 3785 conseras

625 3818 715 3883 culta
732 3818 898 3896 dissensio,
923 3841 961 3884 eo
988 3818 1076 3904 quod
1100 3840 1160 3883 rex
1183 3817 1386 3884 Francorum
1408 3819 1523 3884 urbem
1550 3802 1837 3919 A⁰l10¹¹›{¹,i³,⁰{³,{d,hb{'

626 3927 660 3985 et
682 3921 824 4006 reliquas
847 3943 928 4006 quas
957 3921 1086 4007 capturi
1109 3927 1204 3987 erant
1229 3921 1334 4000 urbeS,
1359 3928 1466 3988 castra
1495 3928 1530 3988 ct
1560 3930 1673 4001 terras,
1687 3934 1806 3999 kingsof

626 4022 756 4089 tradere
786 4022 959 4088 marchisio
985 4023 1026 4088 de
1053 4024 1321 4091 Monte-Ferrato
1336 4025 1490 4091 voluerat
1512 4048 1550 4090 ac
1571 4025 1674 4091 firmi·
1687 4002 1844 4135 {ffignd

627 4133 679 4191 ter
715 4131 938 4213 proposuerat,
977 4132 1012 4191 et
1052 4148 1163 4213 regem
1209 4149 1284 4193 eum
1329 4129 1528 4194 constituere
1566 4129 1675 4194 Terra>

629 4230 766 4294 Sanctae.
825 4228 956 4294 Habuit
985 4229 1151 4314 namque²
1184 4228 1274 4294 idem
1305 4230 1499 4296 marchisius
1528 4253 1674 4313 uxorem,

628 4331 730 4395 filiam
747 4331 833 4418 regis
849 4330 1015 4409 Almariei,
1031 4353 1174 4397 sororem
1197 4332 1321 4398 scilicet
1343 4333 1466 4420 reginae
1481 4331 1674 4415 Jerusalem,

627 4456 700 4520 quae
717 4434 789 4521 jam
805 4435 959 4500 defuncta
974 4434 1089 4500 fuerat.
1138 4433 1241 4521 Cujus
1256 4436 1425 4502 voluntati
1440 4460 1499 4503 rex
1516 4438 1676 4504 Ricardus

627 4558 758 4623 prorsus
774 4535 916 4614 obstitit,
933 4538 1110 4602 ostendens
1125 4538 1369 4604 rationabiliter
1380 4539 1505 4625 justius
1521 4540 1590 4606 fore
1606 4541 1676 4629 regi

629 4639 783 4716 Guidoni,
808 4661 909 4726 regno
932 4639 1131 4727 jampridem
1159 4641 1310 4728 spoliato,
1338 4665 1477 4730 regnum
1503 4667 1599 4708 suum
1625 4667 1675 4709 rc·

628 4742 775 4819 stituere,
800 4763 909 4828 quam,
932 4743 990 4807 illo
1005 4742 1150 4823 vivente,
1168 4745 1269 4809 alium
1292 4746 1489 4833 subrogare3
1513 4769 1587 4812 curn
1602 4769 1676 4813 con·

629 4851 739 4923 staret,
767 4845 860 4910 illum
891 4867 959 4909 non
989 4867 1048 4933 per
1079 4846 1248 4934 ignaviam
1278 4870 1417 4935 regnum
1440 4849 1596 4930 amisisse,
1619 4848 1677 4916 sed

629 4950 739 5036 potius
772 4972 830 5037 per
859 4950 1093 5017 strenuitatem
1123 4952 1160 5017 in
1191 4953 1286 5039 gravi
1319 4953 1396 5018 belli
1424 4955 1609 5034 certamine,
1634 4955 1676 5020 ob

629 5052 771 5117 hostium
806 5053 1077 5119 numerositatem
1115 5061 1150 5120 et
1187 5056 1351 5121 exercitus
1381 5057 1432 5120 sui
1465 5057 1675 5143 paucitatem,

664 5240 670 5272 ¹
684 5240 851 5308 Auxietnmr]
871 5242 1041 5305 Anxiabamr,
1058 5244 1115 5296 MS.
1147 5242 1152 5312 Ι
1185 5244 1319 5311 ²ncmque]
1334 5259 1439 5311 nanque,
1449 5245 1505 5298 MS.
1515 5245 1675 5314 throughout.
