4517 6425
644 1236 647 1241 ι
695 1159 759 1221 282
816 1172 981 1224 narrum
1004 1153 1217 1223 rsirsrnrsrs
1240 1173 1404 1225 nrsrosrs
1427 1172 1629 1225 arcionum

523 1352 593 1405 AD·
608 1360 679 1405 1226·
696 1348 901 1428 abundaret,¹
918 1350 1044 1437 aliquid
1068 1350 1209 1428 offerret,
1225 1349 1279 1415 vel
1302 1350 1422 1436 aliquis
1446 1350 1557 1416 oblata
1578 1350 1746 1439 reciperet

521 1434 672 1567 fflffssm
697 1452 760 1519 Oui
798 1475 857 1541 per
893 1461 1136 1541 procuratorem
1174 1452 1408 1541 archiepiscopi
1443 1453 1676 1541 Lugdunensis
1709 1455 1746 1519 in

523 1568 567 1618 the
579 1568 679 1620 merch
692 1556 781 1623 hunc
811 1557 948 1622 modum
979 1563 1030 1622 est
1063 1578 1265 1644 responsum,
1297 1564 1314 1592 “
1331 1556 1483 1635 Domine,
1521 1556 1614 1621 nullo
1648 1558 1745 1623 modo

522 1634 619 1702 ⁰¹⁹¹&
676 1661 845 1726 *volumus
867 1682 936 1726 esse
959 1661 1030 1725 sine
1053 1659 1168 1726 amicis
1191 1658 1340 1738 incuria,
1358 1660 1560 1747 etlargitate
1576 1660 1744 1726 donorum.

691 1762 775 1829 Ecce
798 1764 916 1850 qualia,
949 1764 978 1827 si
1010 1764 1099 1849 quod
1134 1762 1281 1849 postulas
1312 1763 1416 1841 fieret,
1449 1767 1664 1849 sequerentur
1694 1762 1768 1829 in·-

690 1865 883 1931 commoda2
928 1866 1004 1931 Erit
1019 1865 1108 1931 enim
1123 1865 1158 1929 in
1177 1865 1327 1951 qualibet
1344 1865 1474 1943 diocesi,
1490 1867 1544 1930 vel
1567 1866 1611 1929 ad
1634 1865 1746 1931 minus

690 1969 726 2031 in
749 1968 927 2054 provincia,
950 1970 1091 2033 nuncius
1123 1989 1210 2033 unus
1241 1968 1430 2046 continuus,
1465 1973 1659 2054 procurator
1681 1967 1747 2034 Ro-

690 2093 815 2151 manus,
839 2073 986 2157 quinon
1008 2071 1103 2137 vivet
1119 2071 1160 2135 de
1181 2069 1323 2157 proprio,
1346 2072 1403 2135 sed
1418 2092 1536 2157 graves
1559 2072 1746 2136 exactiones

690 2179 724 2239 et
755 2175 1001 2261 procurationes
1027 2174 1141 2261 exiget
1163 2174 1205 2238 ab
1229 2173 1373 2239 ecclesiis
1397 2174 1577 2259 majoribus
1601 2180 1635 2239 et
1662 2173 1745 2240 forte
1825 2169 1832 2180 '

690 2277 880 2356 minoribus,
919 2282 960 2343 ut
988 2277 1101 2342 nullus
1130 2283 1303 2342 remaneat
1332 2276 1527 2361 impunitus,
1558 2298 1745 2362 nomenque

690 2380 909 2465 procuratoris
946 2380 1080 2458 habens,
1120 2378 1226 2444 officio
1264 2379 1367 2466 legati
1405 2378 1588 2465 fungetur.''
1657 2379 1744 2444 Item

690 2482 855 2562 dixerunt,
894 2481 1096 2547 imminere³
1135 2481 1344 2547 turbationes
1382 2481 1621 2568 capitulorum3
1658 2482 1744 2548 forte

689 2586 778 2650 enim
801 2585 1015 2650 demandaret
1039 2584 1194 2650 dominus
1220 2606 1315 2671 papa,
1351 2605 1426 2649 cum
1449 2584 1559 2663 vellet,
1591 2606 1745 2673 procura·

689 2689 755 2752 tori
777 2710 836 2753 suo
859 2688 913 2752 vel
935 2688 1002 2766 alii,
1036 2693 1077 2752 ut
1098 2688 1171 2751 vice
1193 2686 1279 2751 sua*
1310 2687 1487 2752 interesset
1519 2687 1743 2765 electionibus,
1755 2696 1914 2777 ngwend

690 2791 747 2875 qui
770 2812 824 2855 eas
841 2779 1024 2870 ¹turbaret3
1047 2794 1082 2854 et
1104 2789 1161 2869 sic,
1184 2789 1277 2876 lapso
1300 2793 1457 2876 tempore,
1484 2790 1618 2855 devolvi
1633 2794 1744 2878 posset
1783 2780 1819 2818 ”⁶
1832 2772 1890 2819 ¹²²*

689 2892 805 2958 electio
828 2892 871 2957 ad
894 2893 1017 2958 curiam
1034 2892 1228 2970 Romanam,
1252 2915 1327 2978 quae
1351 2892 1387 2956 in
1414 2894 1568 2958 omnibus
1591 2894 1645 2959 vel
1671 2894 1744 2981 plu·

688 2995 781 3061 ribus
802 2995 945 3061 ecclesiis
969 2995 1135 3060 Romanos
1157 3000 1304 3081 poneret,
1318 2994 1373 3059 vel
1388 2995 1481 3076 tales,
1498 2996 1556 3082 qui
1572 2996 1620 3061 eis
1642 2995 1745 3082 pluri-

689 3121 780 3162 mum
803 3103 912 3163 essent
938 3097 1072 3178 devoti3
1096 3103 1130 3162 et
1154 3098 1201 3163 sic
1223 3086 1324 3162 nullae
1346 3097 1457 3163 forent
1484 3105 1595 3186 partes
1618 3099 1744 3185 indige·

687 3224 806 3266 narum
828 3199 1042 3287 praelatorum
1066 3198 1120 3265 vel
1144 3200 1340 3287 principum,
1363 3223 1438 3266 cum
1461 3201 1560 3267 multi
1583 3201 1653 3267 sint
1677 3202 1744 3267 viri

688 3304 909 3383 ecclesiastici,
942 3303 1000 3388 qui
1022 3304 1134 3389 potius
1160 3303 1260 3368 curia
1285 3303 1444 3369 Romanae
1471 3327 1571 3389 quam
1595 3305 1666 3391 regi
1688 3307 1743 3371 vel

687 3430 787 3494 regno
816 3405 1039 3494 providerent.
1086 3406 1174 3471 Item
1196 3405 1409 3487 addiderunt,
1433 3407 1529 3493 quod,
1553 3407 1582 3472 si
1609 3430 1743 3495 propor-

687 3511 857 3576 tionaliter
880 3509 975 3574 fieret
1007 3510 1169 3574 bonorum
1205 3508 1408 3587 distributio,
1439 3531 1552 3574 omnes
1586 3511 1622 3574 in
1653 3512 1744 3576 curia

687 3615 804 3679 fierent
826 3613 957 3690 divites,
983 3634 1058 3677 cum
1081 3612 1187 3676 multo
1212 3608 1287 3698 plus
1309 3615 1421 3676 essent
1443 3612 1609 3699 recepturi
1643 3635 1743 3699 quarn

687 3737 747 3781 rex
769 3716 942 3802 proprius3
965 3719 1000 3780 et
1023 3713 1070 3778 sio
1092 3714 1233 3799 majores
1256 3734 1323 3778 non
1351 3713 1457 3779 solum
1482 3714 1613 3793 divites,
1629 3715 1686 3780 sed
1709 3721 1758 3780 et·

688 3818 844 3884 ditissimi
859 3819 983 3882 fierent.
1032 3815 1117 3881 Cum
1141 3817 1246 3903 igitur
1260 3816 1383 3881 vermis
1399 3805 1544 3882 divitum
1565 3818 1610 3882 sit
1633 3839 1744 3904 super-

687 3920 750 4000 bia,
767 3920 906 4006 majores
922 3919 983 3985 vix
1006 3941 1120 3984 causas
1144 3918 1307 3996 audirent,
1323 3920 1381 3983 sed
1404 3941 1458 3984 eas
1482 3920 1519 3984 in
1545 3920 1742 3985 immensum

688 4022 868 4103 differrent,
893 4028 927 4087 et
950 4022 1093 4086 minores
1116 4021 1297 4087 scriberent
1317 4021 1440 4103 inviti3
1464 4023 1559 4108 cujus
1581 4023 1629 4089 rei
1645 4046 1743 4109 expe·

688 4124 866 4189 rimentum
889 4125 925 4189 in
947 4124 1096 4190 evidenti
1119 4128 1178 4202 est,
1206 4123 1286 4209 quia
1317 4128 1351 4188 et
1385 4125 1484 4189 modo
1508 4125 1645 4212 negotia
1670 4130 1743 4213 per·

688 4226 836 4304 trahunt,
851 4226 953 4292 etiam
975 4232 1051 4313 post
1073 4230 1229 4312 percepta
1252 4225 1433 4311 obsequia⁶
1479 4226 1524 4292 Et
1548 4228 1595 4293 sio
1616 4228 1742 4314 pericli-

586 4360 589 4367 ·
688 4335 815 4394 taretur
838 4329 983 4415 justitia,
1015 4334 1049 4394 et
1081 4333 1293 4393 morerentur
1316 4328 1446 4414 queruli
1476 4329 1512 4394 in
1543 4331 1649 4416 portis
1678 4330 1742 4395 Ro·

688 4453 859 4496 manorum
897 4437 979 4497 tunc
1013 4431 1203 4517 plenissime
1238 4429 1493 4497 dominantium.
1523 4432 1639 4511 .Item,
1669 4455 1741 4497 cum

687 4536 747 4601 vix
769 4535 924 4621 possibile
946 4535 992 4599 sit
1019 4533 1145 4599 fontem
1168 4533 1321 4599 avaritiae
1344 4534 1509 4614 desiccari,
1545 4536 1633 4622 qnod
1655 4558 1742 4602 nunc

687 4638 813 4704 faciunt
835 4660 893 4726 per
915 4660 959 4715 se,
982 4642 1062 4702 tunc
1084 4636 1231 4702 facerent
1253 4659 1312 4724 por
1343 4637 1435 4715 alios,
1468 4643 1503 4703 et
1533 4639 1602 4705 suis
1636 4639 1740 4705 multo

720 4958 727 4987 ¹
740 4955 889 5021 mundaret]
908 4955 1072 5016 habundaret,
1085 4955 1142 5005 MS.
1269 4958 1276 4986 ¹
1288 4956 1348 5021 oria]
1368 4956 1513 5007 Interlined.

720 5041 730 5067 ²
742 5035 899 5099 incommoda]
920 5035 1061 5094 incomoda,
1073 5035 1130 5086 MS.
1268 5034 1415 5102 ’obsequia]
1435 5036 1474 5087 Ou
1488 5053 1521 5087 an
1533 5054 1639 5090 erasure.

720 5119 730 5146 ³
742 5114 874 5178 imminere]
892 5111 1005 5172 insinere,
1016 5112 1072 5163 MS.
