4517 6425
532 1157 576 1222 30
666 1165 831 1216 MATTHAEI
854 1167 1066 1223 PARISIENSIS
1089 1177 1254 1229 HISTORIA
1276 1180 1476 1238 Monoleum

359 1350 649 1428 a.n.1192.ca1·dus
681 1343 822 1430 triginta
852 1347 944 1411 milia
970 1348 1201 1435 bisanciorum‚
1233 1362 1273 1422 ut
1302 1358 1448 1426 fideliter
1479 1368 1584 1432 staret

530 1477 605 1522 cum
640 1471 679 1516 co
710 1447 752 1513 ad
784 1451 1040 1537 expugnandum
1070 1455 1181 1522 hostes
1205 1458 1352 1542 Christi3
1376 1467 1419 1542 et,
1447 1469 1584 1535 consilio

530 1559 624 1636 inito,
671 1557 863 1619 statuerunt
901 1554 1174 1645 irrefragabiliter
1211 1561 1235 1628 J
1237 1566 1443 1634 erosolimam
1481 1572 1582 1641 adire.
1594 1582 1754 1649 Rog.wend.

529 1664 679 1746 Cumque
701 1679 761 1723 rex
783 1655 971 1745 R[icardus]
997 1682 1071 1727 cum
1086 1665 1241 1733 universo
1264 1670 1413 1737 exercitu
1435 1695 1495 1740 suo
1510 1699 1583 1764 per·
1628 1653 1664 1706 ἰῇ·
1677 1661 1717 1706 ⁵⁵'

528 1767 675 1838 venisset
712 1761 755 1827 ad
794 1761 1126 1833 Castrum-Hemaldi
1165 1775 1200 1837 et
1238 1772 1445 1841 Bethonoble
1479 1779 1582 1866 juxta

527 1872 660 1947 Emaus,
684 1888 755 1932 ecce
786 1866 921 1953 quidam
944 1866 1148 1954 Beddewini‚
1172 1874 1230 1960 qui
1256 1897 1291 1941 se
1317 1878 1388 1965 regi
1414 1878 1581 1968 obligave-

528 1980 613 2054 rant,
645 1969 805 2037 nunciant
835 1970 1015 2037 maximam
1048 1976 1298 2045 multitudinem
1333 1983 1580 2069 negotiatorum

527 2104 570 2148 ex
595 2075 769 2143 Babilonia
791 2096 904 2141 versus
930 2075 954 2141 J
956 2077 1161 2146 erosolimam
1184 2081 1328 2161 tendere,
1352 2106 1427 2151 cum
1453 2093 1579 2174 septem

527 2183 661 2250 milibus
694 2180 890 2245 camelorum
929 2180 1068 2246 diversis
1105 2185 1224 2273 opibus
1262 2187 1399 2267 onustis,
1434 2192 1596 2258 maxime·

526 2294 639 2355 tamen
662 2284 871 2364 victualibus,
894 2287 1011 2371 utpote
1033 2285 1209 2368 frumento,
1237 2289 1417 2377 amigdalis,
1440 2292 1597 2376 ficubus,-

525 2394 602 2459 uvis
635 2390 748 2478 passis,
780 2393 815 2455 et
848 2388 1080 2457 consimilibus
1127 2391 1173 2459 Et
1202 2392 1288 2458 hauc
1318 2393 1595 2477 multitudinem,-

526 2519 624 2585 quam
657 2494 863 2561 Caravanam
893 2492 1014 2581 vulgus
1045 2496 1198 2583 appellat,
1221 2495 1286 2562 viri
1320 2498 1467 2584 quinque
1495 2506 1596 2568 stre--

526 2599 678 2667 nuissimi
700 2620 775 2664 cum
797 2598 866 2664 suis
888 2598 1119 2678 caravanariis,
1142 2600 1183 2667 de
1206 2600 1354 2668 exercitu
1384 2601 1578 2672 Salahadini

357 2723 472 2775 Richaru
526 2705 631 2785 electi,
654 2702 890 2770 conducebant.
948 2700 1077 2783 Quibus
1110 2725 1186 2769 cum
1208 2726 1269 2770 rex
1295 2704 1428 2771 obviam
1450 2730 1577 2794 proces-

357 2797 499 2923 iditum
526 2810 621 2874 sisset
658 2828 732 2871 cum
769 2805 883 2892 paucis
921 2806 1067 2886 armatis,
1101 2808 1203 2893 juxta
1234 2807 1577 2879 subeam-cisternam

335 2926 456 2995 ¹carnelo.
526 2932 639 2979 omnes
673 2910 856 2996 occupavit,
887 2909 1091 2996 camelosque
1113 2933 1189 2976 cum
1223 2912 1291 2976 suis
1316 2913 1470 2978 oneribus
1496 2915 1576 2982 diri-

525 3017 626 3105 piens,
650 3013 809 3079 exercitui
833 3034 893 3079 suo
915 3035 989 3078 cum
1014 3036 1135 3103 magna
1157 3014 1357 3081 liberalitate
1382 3016 1575 3102 distribuit3

523 3120 668 3186 maxime
697 3124 810 3184 tamen
839 3117 1049 3196 Normannis,
1084 3140 1166 3204 quos
1201 3141 1269 3206 prae
1307 3121 1422 3185 ceteris
1457 3122 1594 3191 dilexit·

523 3224 722 3290 nationibus.
783 3222 913 3287 Deinde
940 3224 983 3288 ad
1009 3223 1185 3311 praefatum
1209 3229 1354 3290 castrum
1379 3228 1595 3314 regrediens„

522 3327 711 3417 praesidium
737 3331 942 3393 armatorum
964 3328 1000 3392 in
1025 3328 1164 3416 singulis
1186 3327 1381 3395 civitatibus
1402 3336 1436 3398 ct
1461 3333 1575 3400 castris

522 3434 701 3520 prudenter
725 3430 906 3498 collocavit.

522 3708 572 3774 De
593 3705 837 3793 impedimento
867 3704 1058 3772 obsidionis
1085 3706 1280 3773 Jerusalem
1301 3729 1366 3794 per
1387 3707 1573 3778 inuidiam.

352 3880 456 3931 Affront
566 3855 652 3942 Ipsis
687 3876 815 3941 quoque
848 3854 973 3931 diebus,
998 3877 1073 3920 oum
1105 3855 1147 3920 lis
1174 3855 1317 3921 oriretur
1349 3857 1390 3922 de
1422 3857 1591 3945 hospitiis·

351 3948 501 4064 {fifffidbss
521 3958 688 4046 capiendis
718 3958 805 4023 inter
834 3958 976 4045 praevios
1010 3958 1216 4024 marescallos
1246 3957 1337 4022 ducis
1363 3960 1507 4027 Austriae
1538 3969 1591 4030 et·

352 4081 395 4130 the
406 4083 472 4132 cuke
483 4083 513 4132 of
521 4063 719 4148 armigerum
749 4062 921 4148 cujusdam
944 4061 1061 4126 militis
1082 4063 1124 4126 de
1150 4061 1365 4143 Normannia‚
1388 4068 1423 4129 et
1453 4065 1591 4131 clamor·

351 4148 463 4201 Am
520 4166 563 4232 ad
594 4187 690 4231 aures
711 4167 820 4254 regias
852 4167 1066 4255 pervenisset,
1089 4187 1150 4230 rex
1172 4184 1239 4228 non
1266 4166 1472 4252 perpendens
1494 4170 1590 4235 civi·-

519 4271 597 4337 liter
622 4269 833 4336 moderamen
866 4269 1087 4347 Dominicum,
1123 4267 1257 4347 scilicet,
1282 4268 1506 4337 “descendam
1537 4278 1590 4339 et·

350 4396 450 4464 {Nota
462 4396 505 4446 im.
519 4370 682 4452 videb0,''¹
700 4374 856 4461 praecepit
872 4373 1119 4460 praecipitanter
1141 4377 1176 4437 et
1198 4392 1290 4435 secus
1311 4394 1410 4459 quam
1433 4375 1589 4458 deceret·

345 4474 430 4583 lm
430 4465 507 4581 ‘13⁶9ss
518 4483 558 4544 ut
580 4475 740 4544 vexillum
757 4477 859 4557 ducis,
875 4479 911 4542 in
935 4475 1049 4542 eodem
1064 4474 1210 4560 hospitio
1233 4495 1292 4560 pro
1313 4476 1407 4563 signo
1425 4477 1589 4564 affixum,-

349 4600 461 4650 indecena
517 4582 554 4648 in
568 4583 709 4648 cloacam
725 4579 943 4667 dejiceretur.⁹
989 4579 1085 4660 Quod
1100 4578 1225 4643 factum
1246 4600 1319 4644 cum
1343 4580 1413 4646 dux
1427 4583 1589 4671 hospitio·

348 4668 505 4785 αἴθῃ·
516 4687 669 4775 privatus
684 4689 719 4750 et
732 4685 876 4770 turpiter
891 4706 911 4749 a
925 4682 959 4747 N
961 4680 1242 4767 marannis-qui
1266 4681 1306 4747 de
1327 4705 1417 4750 more
1440 4690 1588 4755 verbosi·

348 4752 378 4800 ῳ
455 4775 461 4786 ’
515 4790 618 4856 verba
646 4787 863 4876 incomposita
895 4791 929 4852 et
959 4785 1130 4872 ampulosa
1160 4783 1589 4882 ebulliunt—didicisset„

515 4914 626 4980 regem
645 4891 825 4978 querulus³
847 4889 941 4968 adiit,
956 4889 1013 4956 sed
1035 4887 1122 4953 nihil
1144 4886 1210 4952 nisi
1232 4910 1352 4954 sannas
1374 4895 1588 4979 reportavit·

550 5093 556 5121 ¹
570 5091 633 5141 Gen.
647 5090 720 5140 xviii.
732 5095 771 5139 21.
1094 5084 1241 5151 ’quaeruluq
1261 5088 1298 5137 At
1320 5089 1374 5138 first
1392 5092 1492 5143 written
1511 5112 1567 5160 quc·

548 5174 559 5202 '²
567 5170 722 5236 dejiceretur]
741 5168 889 5228 deiceretur,
900 5167 956 5217 MS.
1061 5164 1129 5226 ralis,
1142 5167 1186 5214 but
1198 5180 1260 5215 corr.
1274 5166 1298 5216 in
1314 5184 1394 5235 marg.
