4517 6425
754 1176 802 1224 nn
823 1174 983 1224 runcone
1005 1173 1108 1224 unsre
1129 1173 1286 1237 nnusrcr,
1307 1133 1376 1224 ιιι
1399 1173 1524 1224 rrum
1596 1162 1663 1230 283

611 1352 737 1437 majore
760 1372 859 1437 quam
883 1347 1024 1437 [nunc]¹
1060 1349 1133 1416 dari
1167 1370 1306 1415 munere
1326 1355 1561 1437 procurarent3
1596 1360 1747 1415 moen.
1761 1364 1835 1437 isso.

613 1454 688 1519 dico
709 1453 799 1519 enim
821 1454 913 1519 nulls
936 1458 1015 1518 sunt
1037 1452 1075 1518 in
1099 1458 1277 1540 conspectu
1299 1452 1444 1519 divitum
1467 1455 1668 1541 cupidorum

614 1557 710 1636 Item,
749 1556 865 1623 multae
900 1555 1031 1622 divitisc
1064 1555 1079 1641 j
1131 1555 1204 1641 jem
1230 1556 1358 1622 faciunt
1380 1555 1547 1622 Romanos
1578 1556 1668 1622 inse

612 1660 694 1738 nire,
729 1659 832 1725 etsie
862 1658 953 1725 inter
975 1658 1121 1724 diverses
1154 1658 1339 1745 parentelas
1365 1664 1471 1726 tsntae
1502 1660 1667 1726 orirentur

613 1761 799 1839 seditiones,
815 1762 903 1848 quod
926 1765 1035 1848 posset
1057 1762 1169 1826 timeri
1191 1762 1297 1827 totius
1320 1761 1487 1827 excidium
1510 1762 1667 1843 civitatis,

593 1864 708 1949 -cujus
741 1864 843 1929 etism
875 1885 935 1929 nec
966 1863 1066 1928 modo
1104 1885 1221 1951 expers
1255 1886 1325 1930 esso
1354 1863 1497 1943 videtur,
1532 1871 1667 1953 propter

591 1967 751 2033 .divitias
766 1988 847 2053 quas
862 1967 987 2033 hebent
1009 1967 1053 2031 sd
1075 1966 1256 2033 nsuseem.2
1290 1967 1378 2034 Item
1394 1969 1561 2049 dixerunt,
1578 1969 1667 2054 quod

452 2082 554 2133 solur
570 2080 592 2133 o.
614 2070 691 2136 licet
713 2092 748 2135 ss
770 2070 966 2156 obligarent,
997 2070 1055 2155 qui
1085 2070 1184 2135 modo
1215 2075 1394 2157 praesentes
1416 2078 1504 2149 sunt,
1534 2072 1570 2137 id
1599 2093 1668 2137 non

613 2173 818 2260 susciperent
840 2194 954 2239 eorum
981 2193 1187 2253 successores,
1220 2194 1281 2238 nec
1306 2173 1399 2238 illurn
1432 2173 1667 2260 obligationem

613 2284 722 2341 rutam
744 2274 912 2341 haberent.
960 2274 1148 2340 Novissime
1171 2279 1285 2340 sutem
1315 2274 1362 2341 sic
1388 2277 1560 2363 negotium
1593 2298 1668 2342 con·

614 2378 789 2455 cluserunt,
814 2384 834 2413 “
845 2377 998 2456 Domine,
1015 2382 1148 2444 moveat
1164 2399 1223 2444 vos
1237 2378 1327 2443 zelus
1349 2378 1545 2444 universalis
1568 2380 1668 2446 eccle-

613 2482 672 2546 sise
694 2486 729 2546 et
752 2485 877 2547 sanctes
908 2480 995 2546 sedis
1026 2480 1195 2560 Romanos,
1219 2480 1308 2565 quia,
1339 2480 1367 2545 si
1397 2481 1491 2547 fieret
1519 2483 1667 2548 omniurn

614 2584 810 2650 universalis
848 2585 1022 2671 oppressis,
1071 2588 1183 2670 posset
1221 2582 1333 2649 timeri
1371 2606 1414 2650 ne
1450 2584 1668 2651 immineret³

614 2686 776 2775 generalis
799 2686 959 2765 discessio,
985 2686 1073 2773 quod
1097 2686 1188 2753 Deus
1211 2685 1389 2752 svertstl’'

749 2977 937 3065 Responsio
959 2977 1113 3046 Romaest
1137 2978 1241 3065 legati
1262 2978 1311 3046 cd
1332 2978 1521 3067 promum.

444 3126 603 3205 Rogwenu.
661 3125 739 3190 Hiis
773 3126 908 3205 cuditis,
942 3127 1111 3214 respondit
1144 3126 1274 3215 legatus
1305 3126 1483 3208 Romanus,
1507 3130 1547 3192 ut
1575 3126 1667 3191 vide·
1680 3142 1802 3208 Replyor

474 3210 508 3246 ιγ’
523 3200 577 3245 ¹⁹³
615 3232 723 3308 batur,
747 3230 927 3317 plurimum
961 3230 1183 3317 perturbatus,
1215 3253 1250 3297 se
1284 3252 1359 3297 cum
1390 3236 1476 3296 esset
1507 3230 1544 3296 in
1577 3209 1823 3297 euria‘hss‘ssffl·

615 3355 786 3421 nunquam
817 3333 894 3399 huic
926 3334 1091 3399 exactioni
1121 3333 1332 3413 consensisse,
1363 3339 1398 3399 et
1430 3335 1540 3420 ipsum
1571 3356 1669 3419 super

596 3438 676 3502 ·lroc
697 3437 812 3500 literas
835 3436 996 3522 accepisse
1018 3441 1196 3522 postquem
1211 3436 1354 3501 Gellium
1369 3436 1478 3501 fuerat
1493 3436 1668 3523 ingressus

595 3545 654 3604 ,ut
676 3538 923 3626 supersederet,⁴
945 3544 979 3604 et
1001 3560 1036 3603 se
1059 3539 1204 3603 multum
1219 3538 1297 3603 inde
1313 3539 1462 3604 doluisse.
1497 3539 1667 3624 Adjunxit

614 3643 757 3729 insuper,
796 3663 830 3706 se
861 3639 948 3705 nihil
978 3641 1121 3727 amplius
1151 3662 1248 3728 super
1286 3640 1347 3706 hoc
1379 3645 1668 3726 attemptaturum,

614 3744 723 3821 donec
738 3766 797 3832 per
819 3744 885 3808 elis
906 3765 1008 3831 regns
1028 3742 1159 3831 preclsti
1182 3743 1418 3821 consenserint,
1434 3744 1523 3830 quod
1550 3748 1665 3809 tomen

615 3848 755 3913 credidit
777 3846 950 3934 provenire
972 3866 1040 3910 non
1063 3865 1165 3932 posse.

685 4204 782 4289 Quod
803 4202 967 4290 magister
992 4199 1086 4271 orreo
1108 4199 1259 4267 Romam
1283 4198 1421 4267 uentus
1442 4200 1593 4269 redierit.

447 4376 604 4442 Rog.wend.
673 4367 797 4432 Eodem
820 4374 907 4431 anno
930 4364 1087 4452 magister
1110 4362 1224 4442 Ottho,
1249 4362 1377 4428 domini
1399 4385 1494 4452 pupae
1517 4367 1666 4446 nuncius,
1679 4378 1809 4429 Recdlof

471 4445 505 4496 iv.
521 4452 575 4497 ¹²³·
618 4475 764 4555 tempore
787 4467 1070 4555 Qusdrsgesimsli
1102 4466 1146 4530 sd
1178 4464 1522 4533 Northenhumbricm
1545 4445 1826 4562 profes-gffififfi

617 4577 721 4648 turus,
744 4576 779 4636 et
800 4570 1047 4658 procurationes
1073 4567 1255 4656 recipiens,⁶
1278 4568 1541 4635 Norhsmtonsm
1564 4578 1808 4657 usqueEnglanu

671 4771 679 4775 -
711 4767 1075 4776 ——---——-——-
1089 4769 1144 4774 .—.
1155 4768 1332 4774 ..-—--—---
1341 4768 1657 4776 ——---———

655 4885 750 4951 'nunc]
771 4883 891 4948 Supplied
901 4882 966 4933 from
977 4884 1019 4933 W.
1031 4883 1062 4933 B.
1075 4883 1105 4935 C.
1199 4884 1365 4950 'imminereq
1385 4883 1510 4945 intuerer,
1521 4884 1579 4935 sss

650 4965 800 5030 ²nauseam]
826 4962 947 5021 nausiam,
970 4962 1027 5014 MS.
1061 4963 1117 5013 The
1201 4965 1249 5012 ⁴rtt
1259 4963 1435 5029 supersederet]
1455 4964 1601 5015 Interlined

617 5048 699 5097 words
706 5053 808 5112 propter
817 5079 825 5096 .
835 5080 857 5097 ..
867 5057 1030 5094 semenare
1038 5044 1119 5094 added
1200 5045 1210 5073 ⁸
1221 5043 1353 5108 recipiens]
1373 5043 1415 5094 On
1423 5057 1455 5092 cn
1465 5057 1570 5094 erasure.
1588 5045 1620 5094 In
1627 5045 1669 5095 W.

617 5127 645 5175 in
656 5141 735 5189 marg.
1169 5123 1200 5174 Β.
1212 5121 1250 5183 C„
1261 5129 1400 5173 exacturus.
