4517 6425
683 1192 731 1244 nu
752 1191 912 1246 rmsroeu
935 1190 1036 1243 uasis
1059 1191 1217 1256 auumcr,
1240 1191 1308 1244 vrz.
1331 1191 1457 1245 raaru.
1528 1180 1594 1247 335
1696 1218 1702 1230 ·

542 1459 642 1547 Quod
655 1459 840 1543 Ricordus,
861 1459 1127 1529 Omuuaricasis
1142 1457 1428 1551 archiepiscopus,
1445 1484 1469 1531 o
1482 1461 1596 1533 Moru
1608 1477 1676 1533 au.
1691 1484 1763 1535 1231.

372 1570 531 1689 qu-meg&
930 1563 1076 1646 accam,
1092 1563 1220 1634 obterit.

382 1731 521 1784 folrrsa.
587 1712 693 1782 Venit
721 1713 785 1780 hoc
813 1720 960 1802 temporo
990 1714 1034 1781 ad
1065 1714 1190 1781 curiam
1216 1715 1398 1783 Romanam
1425 1715 1765 1801 aicarduscompma

543 1817 793 1887 Cantuariensis
822 1818 1096 1906 archiepiscopus,
1127 1823 1162 1885 et
1192 1819 1228 1886 in
1258 1820 1437 1909 prasentia
1470 1820 1596 1887 domini
1607 1801 1754 1935 ἓξὲξ

371 1936 532 2006 Rucuma
542 1944 638 2011 papae
667 1920 839 2010 proposuit
868 1921 939 1988 haec
968 1943 1043 2009 quae
1073 1930 1266 2010 sequuntur.
1311 1924 1519 2012 conquestus
1544 1887 1763 2015 atanassi-¹

401 2008 504 2062 ihm·
542 2025 716 2115 inprimis
738 2024 780 2091 de
804 2047 881 2114 rege
911 2025 1104 2113 Anglorum,
1129 2027 1218 2113 quod
1248 2027 1452 2094 solummodo
1481 2003 1768 2140 omniagfflffi·

540 2130 634 2219 regni
665 2130 800 2218 negotia
832 2150 890 2217 per
921 2128 1093 2196 consilium
1126 2129 1274 2197 Huberti
1300 2130 1487 2217 justiciarii,
1520 2132 1594 2197 aliis

539 2233 657 2320 spretis
696 2232 917 2321 magnatibus,
956 2231 1162 2322 disponebat.
1208 2232 1378 2313 Item-de
1410 2233 1595 2321 justiciario

539 2336 720 2426 proposuit,
745 2335 834 2424 quod
863 2334 984 2402 habuit
1013 2356 1162 2414 uxorem,
1192 2336 1286 2423 cujus
1317 2338 1596 2426 consanguineam

540 2440 632 2529 prius
661 2439 825 2506 habuerat
854 2438 920 2504 sibi
952 2438 1165 2505 matrimonio
1199 2437 1409 2527 copulatam3
1441 2444 1475 2506 et
1508 2439 1598 2527 quod

537 2545 616 2631 jura
637 2542 781 2609 ecclesiae
804 2539 1055 2609 cantuariensis
1077 2542 1247 2609 invaserat
1270 2548 1305 2610 et
1327 2542 1449 2629 injuste
1472 2542 1599 2609 detine·

525 2647 608 2713 ¹bat
653 2646 829 2733 Proposuit
855 2645 963 2722 etiam,
988 2645 1077 2732 quod
1104 2645 1250 2733 episcopi
1280 2644 1414 2732 quidam
1438 2646 1508 2733 ejus
1531 2646 1597 2711 suf-

541 2748 698 2836 fiuganei,
712 2749 865 2836 neglecta
881 2748 1042 2835 pastorali
1060 2770 1146 2826 cura,
1164 2749 1325 2814 sedebant
1343 2750 1383 2814 ad
1401 2750 1598 2815 scaccarium

541 2853 635 2940 regis,
672 2852 772 2917 laicas
803 2874 917 2918 causas
954 2850 1161 2918 ventilantes
1196 2857 1231 2917 et
1265 2852 1394 2939 judicia
1428 2853 1598 2941 sanguinis

542 2952 752 3021 exercentes.l
800 2953 887 3020 Item
922 2957 1120 3042 conquestus
1151 2958 1210 3032 est,
1237 2955 1327 3042 quod
1358 2954 1466 3022 clerici
1499 2955 1598 3022 bene-

542 3058 655 3140 ficiati,
678 3063 713 3124 et
734 3057 822 3123 infra
844 3079 951 3123 sacros
981 3057 1112 3124 ordines
1135 3059 1321 3136 constituti,
1343 3058 1452 3146 plures
1474 3060 1599 3126 habue-

542 3168 623 3229 runt
647 3162 806 3244 ecclesias,
836 3161 957 3249 quibus
983 3183 1115 3230 annexa
1150 3162 1259 3230 meret
1291 3185 1370 3231 cura
1403 3164 1598 3247 animarum,

540 3272 576 3333 et
606 3265 696 3353 quod
732 3266 875 3353 iusuper,
909 3264 996 3333 sicut
1033 3267 1187 3354 episcopi,
1224 3267 1267 3334 ab
1304 3268 1387 3355 ipsis
1424 3268 1596 3353 trahentes

540 3368 737 3457 exemplum,
755 3369 842 3436 curis
864 3368 1064 3435 secularibus
1086 3375 1121 3436 et
1144 3369 1303 3436 laicorum
1326 3391 1361 3436 se
1378 3369 1514 3456 judiciis
1537 3372 1599 3437 im·

540 3473 731 3540 miscebant
777 3471 856 3537 Hiis
887 3477 1001 3538 autem
1034 3477 1070 3540 et
1102 3472 1330 3541 consimilibus
1364 3495 1474 3540 corum
1510 3497 1596 3562 papa

541 3575 725 3664 propositis,
747 3575 856 3662 petiit,
878 3579 919 3642 ut
941 3575 1057 3641 limam
1083 3576 1294 3643 correctionis
1321 3576 1509 3643 excessibus
1537 3578 1596 3644 ud-

541 3681 677 3746 hiberet.
724 3678 875 3765 Cumque
908 3677 979 3744 haec
1013 3678 1125 3744 omnia
1155 3678 1309 3744 dominus
1332 3701 1419 3767 papa
1445 3680 1595 3767 diligenti
1607 3688 1649 3740 He
1659 3704 1716 3741 snc-

541 3784 652 3852 studio
679 3782 908 3862 consideraret,
935 3785 969 3847 et
996 3781 1137 3848 vidisset
1170 3781 1273 3869 [quod
1296 3783 1491 3872 universa]²
1521 3806 1595 3871 quae
1607 3757 1765 3876 ffisrnhir

542 3893 754 3975 proposuerat
783 3885 1054 3973 archiepiscopus,
1079 3885 1216 3973 justitia
1244 3885 1377 3953 fuerant
1403 3892 1438 3954 et
1467 3889 1596 3955 ratione

542 3992 695 4071 subnixa,
735 3989 838 4077 jussit
883 3989 1115 4068 incontinenti,
1160 3987 1320 4076 quatinus
1364 3989 1598 4079 archiepiscopi

541 4097 682 4184 negotia,
701 4093 839 4181 justitia
862 4092 1037 4171 mediante,
1060 4092 1305 4180 expedirentur.
1351 4091 1598 4182 Proposuerunt

543 4205 655 4266 autem
677 4197 715 4263 in
737 4195 937 4264 contrarium
955 4195 1063 4262 clerici
1085 4195 1180 4283 regis,
1202 4217 1262 4284 pro
1282 4196 1354 4282 ipso
1376 4203 1508 4286 regest
1526 4198 1597 4285 jus-

544 4302 674 4367 ticiario
696 4299 803 4366 multa
823 4300 971 4365 inaniter
992 4298 1194 4386 allegantes;
1217 4298 1277 4364 sed
1299 4321 1415 4388 parum
1437 4302 1491 4369 vel
1511 4302 1597 4367 nihil

545 4405 753 4493 profecerunt
786 4403 865 4490 quia
905 4400 1000 4469 favor
1031 4402 1267 4491 archiepiscopi
1303 4403 1460 4491 quicquid
1496 4405 1597 4492 petiit

524 4506 747 4595 .impetravit.
790 4506 874 4573 Erat
892 4527 1034 4593 namque
1054 4511 1192 4572 staturas
1212 4506 1471 4594 elegantissimas,
1486 4509 1598 4574 facun-

524 4612 611 4681 ‚dia
633 4608 845 4688 admirabilis,
874 4608 1012 4676 scientia
1034 4614 1069 4675 et
1090 4609 1237 4676 moribus
1267 4609 1539 4700 incomparabilis,
1561 4616 1596 4676 et

525 4714 704 4802 allegavit
734 4735 793 4800 pro
823 4733 861 4780 eo
893 4733 992 4778 eausa
1021 4712 1194 4778 manifeste
1222 4713 1316 4801 justa
1338 4719 1372 4780 ct
1397 4712 1595 4781 favorabilis

544 4817 815 4905 Archiepiseopus
852 4814 957 4901 igitur
986 4835 1071 4895 oum,
1099 4815 1242 4903 expletis
1271 4817 1414 4904 negotiis
1444 4817 1595 4883 omnibus
1607 4811 1753 4932 fflffi

743 5087 750 5116 ¹
763 5083 913 5149 exercentes]
933 5088 1101 5144 excercentes,
1117 5083 1174 5134 MS.

741 5162 826 5229 ²qood
836 5162 963 5229 cairam]
978 5160 1099 5228 supplied
1110 5163 1177 5214 rom
1187 5162 1230 5216 W.
1241 5162 1271 5215 B.
1284 5163 1313 5215 C.
