4517 6425
643 1182 709 1248 208
774 1196 940 1248 narrum
962 1197 1172 1248 rmrsruusrs
1194 1196 1358 1248 ursrorur
1381 1197 1580 1248 suenorum

474 1474 543 1526 Al>-
558 1470 692 1539 12¹⁷·De
705 1470 872 1537 solutione
887 1469 1074 1537 obsidionis
1088 1470 1193 1536 castrt
1208 1472 1247 1537 de
1260 1470 1461 1551 Mutet-sorel,
1476 1480 1506 1540 et
1520 1472 1692 1539 obsidione

999 1572 1104 1639 castri
1126 1572 1329 1641 Liucolur'oe.

476 1730 615 1809 'l'hearpy
688 1722 861 1788 Exercitus
883 1722 987 1808 igitur
1019 1721 1201 1787 Lodouuici
1224 1744 1261 1788 ac
1283 1722 1445 1788 baronum
1467 1723 1607 1810 Angfiae,
1633 1723 1691 1809 qui
1703 1729 1860 1810 repuens

475 1797 598 1914 ffivlssffi
642 1847 716 1891 cum
743 1847 780 1890 co
802 1829 905 1901 erant,
930 1824 1017 1912 apud
1049 1824 1284 1911 Dunstapliam
1306 1826 1452 1905 veniens,
1475 1826 1598 1892 ibidem
1619 1848 1692 1913 per·
1740 1812 1774 1848 'l'
1788 1801 1827 1849 Π·

475 1930 562 1980 north-
641 1928 797 1993 noctavit.
844 1926 942 1993 Mane
965 1933 1075 1993 autem
1090 1950 1205 1993 versus
1227 1928 1413 2014 aquilonem
1435 1930 1499 1995 iter
1522 1929 1637 2017 dirigit
1658 1934 1693 1995 et

475 2000 563 2138 {³5¹}
621 2029 784 2138 lverril]a;
818 2031 874 2095 sed
897 2052 1003 2095 comes
1026 2030 1207 2097 Cestrensis
1239 2031 1433 2119 Ranulphus
1468 2038 1503 2099 et
1533 2034 1588 2119 qui
1619 2056 1692 2099 curn

474 2105 621 2217 oracbe’stilr,
642 2157 681 2201 eo
719 2134 921 2200 obsidionem
952 2133 1201 2213 continuabant,
1240 2135 1438 2221 praemuniti,
1484 2136 1692 2223 expeditione

474 2222 600 2355 §3525
643 2238 783 2316 dimissa,
818 2238 861 2302 ad
890 2242 1034 2303 castrum
1064 2259 1135 2303 sese
1166 2238 1208 2303 de
1242 2237 1449 2325 Notingham
1480 2238 1693 2316 conferentes,

473 2354 540 2407 ham.
641 2344 856 2408 decreverunt
886 2341 1113 2419 communiter,
1136 2345 1175 2406 ut
1208 2340 1354 2406 hostium
1388 2343 1691 2429 supervenientium

641 2444 763 2510 ibidem
794 2443 1005 2529 explorarent
1038 2443 1233 2520 adventum,
1256 2465 1382 2509 moram
1405 2450 1440 2510 et
1474 2467 1709 2533 progressum..

641 2548 787 2613 Berones
823 2544 957 2633 itaque,¹
989 2567 1063 2612 cum
1094 2568 1153 2634 per
1182 2547 1418 2613 immunitam⁸
1455 2550 1596 2636 patriam
1627 2551 1709 2617 iter.

476 2660 532 2710 The
543 2660 612 2725 siege
641 2651 855 2717 confecissent
876 2649 997 2736 praedis
1029 2654 1065 2715 et
1086 2649 1212 2737 rapinis
1234 2650 1455 2732 intendentes,
1480 2652 1522 2717 ad
1545 2657 1708 2719 castrum.

474 2727 615 2843 fflmm'
642 2755 682 2820 de
698 2752 881 2818 Muntsorel
902 2752 1137 2838 pervenissent,
1161 2758 1196 2819 et
1219 2751 1424 2819 obsidionem
1447 2755 1682 2832 dissolvissent,
1702 2804 1709 2819 .

473 2860 562 2913 raised
641 2856 806 2923 communi
841 2855 988 2920 omnium
1022 2855 1158 2921 consilio
1201 2855 1367 2921 decretum
1406 2860 1464 2936 est,
1498 2863 1538 2923 ut
1574 2880 1689 2923 versus

642 2958 845 3025 Lincclniam
878 2965 1102 3045 properarent,
1137 2958 1194 3026 ubi
1218 2958 1407 3025 Gilebertus
1431 2961 1471 3026 de
1495 2960 1594 3039 (lant,
1616 2983 1690 3026 curn

641 3063 715 3129 aliis
737 3061 915 3129 baronibus
937 3060 1113 3147 praedictio,
1137 3062 1301 3127 diutinam
1331 3063 1418 3129 circa
1439 3067 1583 3129 castrum
1606 3063 1693 3129 obsi-

474 3176 627 3228 Theuarons
639 3168 771 3233 dionem
785 3170 928 3253 egerant,
942 3164 999 3230 sed
1014 3163 1155 3231 inanem.
1200 3164 1419 3233 Transeuntes
1438 3166 1542 3255 igitur
1556 3167 1693 3234 barones

473 3244 597 3370 ῗξζζξίζο
639 3293 698 3359 per
719 3269 843 3335 vallum
867 3268 1058 3349 Bealveriae,
1074 3269 1186 3334 omnia
1208 3269 1271 3334 sibi
1294 3271 1389 3335 obvia
1407 3271 1709 3359 depraedabantur..

474 3378 629 3429 anemae
642 3375 794 3460 Denique
817 3372 1023 3437 Linoolniam
1054 3372 1293 3459 pervenientes,
1325 3373 1468 3439 insultus
1490 3375 1525 3439 in
1549 3381 1691 3442 cestrum
1703 3390 1860 3456 RootVenn

473 3446 611 3498 mem·
640 3479 788 3544 fecerrmt
810 3475 993 3555 acerrimos,
1016 3497 1077 3541 nec
1098 3475 1312 3563 profecerunt.
1738 3459 1772 3507 iv.
1788 3463 1826 3511 ¹⁸·

656 3758 826 3844 Qwruodo
847 3779 907 3824 rec
925 3755 1068 3844 Auyliae
1093 3756 1278 3824 exercitum
1306 3760 1527 3846 cortprepcvit,
1548 3768 1588 3828 ut
1612 3760 1682 3828 dis-

810 3862 945 3929 solveret
965 3860 1177 3929 obsidionem
1197 3861 1300 3927 caetui
1321 3861 1520 3930 Liuootoioe.

475 4021 630 4073 Thecanl-
688 4013 772 4079 (lum
787 4017 898 4078 autem
921 4011 1046 4077 ibidem
1068 4012 1139 4076 haec
1159 4016 1346 4098 agerentur,
1362 4011 1544 4078 Willelmus
1568 4013 1689 4081 Mares·
1702 4031 1860 4097 neewerc.

474 4089 629 4221 ffiffifdhee
642 4117 753 4195 callus,
776 4115 863 4202 regia
885 4120 920 4181 et
941 4114 1036 4202 regni
1058 4119 1175 4191 custos,
1199 4115 1240 4180 de
1262 4114 1398 4181 consilio
1413 4115 1560 4181 Walonis
1582 4118 1692 4206 legati,
1738 4100 1772 4151 iv.
1788 4106 1825 4153 ¹⁸·

475 4239 517 4274 are
534 4239 601 4272 sum-
642 4218 743 4300 Petri,
768 4217 1007 4284 Wintoniensis
1029 4217 1181 4305 episcopi,
1208 4222 1241 4282 et
1273 4217 1422 4298 aliorum,
1445 4239 1585 4304 quorum
1616 4244 1692 4286 con-

474 4290 604 4408 fflfflff
642 4321 716 4386 silio
738 4321 831 4407 regni
863 4320 1065 4408 gerebantur
1098 4320 1242 4406 negotia,
1277 4319 1354 4386 fecit
1386 4324 1558 4387 convocari
1581 4347 1693 4390 omnes

641 4424 835 4491 castellanos
866 4423 910 4489 ad
943 4446 1052 4510 regem
1087 4429 1284 4510 spectantes,
1317 4424 1511 4511 praecipiens
1543 4432 1583 4491 ut
1611 4428 1694 4492 feria

499 4550 611 4615 roucy.
641 4528 783 4593 secunda
814 4527 850 4591 in
882 4526 1063 4593 ebdomada
1097 4525 1308 4592 Pentecosten
1341 4527 1430 4613 apud
1463 4528 1626 4596 Neuvverc
1651 4532 1695 4596 ad

641 4630 785 4696 edictum
809 4630 895 4717 regia
925 4629 1148 4706 convenirent,
1173 4635 1212 4693 ut
1234 4635 1270 4695 et
1291 4629 1416 4716 pariter
1437 4653 1512 4697 curn
1535 4632 1615 4720 ipsis
1638 4635 1694 4705 ob

641 4733 803 4798 sidionem
819 4733 918 4798 castri
936 4731 1117 4798 Lincolniae
1140 4734 1293 4818 potenter
1308 4731 1533 4800 dissolverent.
1570 4736 1619 4801 At
1633 4736 1690 4813 illi,

641 4836 761 4922 quibus
782 4834 901 4900 ardens
924 4833 1121 4899 desiderium
1136 4836 1208 4898 erat
1229 4833 1352 4899 bellum
1375 4857 1448 4900 cum
1471 4840 1692 4902 excommuni-

676 5122 754 5187 ΙΨ]
773 5120 920 5171 Ιιιῑετὶἰιιεᾱ,
1165 5117 1173 5186 Ι
1224 5118 1406 5185 ’immunime
1426 5119 1466 5172 On
1478 5134 1509 5170 an
1522 5135 1629 5173 erasure.
