4517 6425
737 1232 784 1282 nn
807 1232 966 1282 rmrroaa
987 1232 1088 1282 naon
1111 1230 1268 1295 annium,
1290 1232 1357 1283 vrz.
1380 1232 1503 1281 rsnru.
1576 1217 1638 1279 481

591 1408 690 1473 nimis
720 1405 956 1473 contristatus¹
990 1412 1048 1484 est,
1071 1406 1246 1473 constituit
1277 1406 1366 1472 idem
1400 1406 1552 1472 domiuus
1582 1428 1642 1472 rex
1653 1422 1724 1477 Ab.
1738 1431 1811 1479 1244.

592 1510 762 1575 dominum
788 1510 974 1589 Paulinum,
1007 1508 1148 1575 militem
1183 1515 1218 1575 et
1248 1509 1426 1587 literatum,
1451 1510 1510 1596 qui
1541 1514 1641 1575 antea

591 1613 699 1680 fuerat
721 1618 831 1679 custos
857 1612 1156 1700 archiepiscopatus
1178 1612 1452 1691 (lantuaricnsis,l
1473 1619 1508 1679 et
1537 1613 1640 1678 domi-

591 1739 671 1781 num
694 1716 882 1781 Johannem
917 1715 957 1781 de
992 1715 1187 1793 Lexintona,
1212 1715 1352 1781 militem
1384 1716 1537 1782 similiter
1558 1721 1640 1781 stre-

590 1842 694 1884 nuum
717 1824 752 1884 et
782 1818 966 1904 elegantem
988 1824 1023 1883 et
1045 1818 1224 1897 literatum,
1248 1840 1375 1883 necnon
1405 1825 1440 1885 et
1469 1819 1639 1885 dominum

590 1922 613 1988 J
616 1922 778 1988 ohannem
809 1921 943 1999 Mansel,
968 1922 1130 2000 clericum,
1154 1921 1243 1986 viros
1274 1922 1438 1998 discretos,
1462 1922 1583 2001 fideles,
1606 1928 1640 1988 et

590 2026 682 2113 regni
704 2026 839 2090 natione
862 2030 897 2089 et
919 2023 1104 2089 dilectionis
1119 2024 1241 2089 affectu
1263 2025 1441 2104 naturales,
1457 2047 1534 2090 suos
1548 2026 1640 2112 prin·

590 2129 708 2215 cipales
729 2128 829 2193 curiae
851 2149 919 2193 suae
941 2127 1162 2214 dispositores,
1186 2132 1221 2192 et
1254 2127 1383 2192 consilii
1412 2128 1465 2193 sui
1494 2128 1642 2193 modera-

590 2237 678 2297 tores
700 2231 874 2318 speciales;
906 2232 1166 2318 magistrumque
1201 2230 1416 2295 Laurentium
1448 2230 1489 2296 de
1517 2230 1640 2297 Sancto

591 2334 747 2411 Martino,
770 2334 828 2420 qui
851 2333 1048 2419 quandoque
1070 2355 1145 2399 oum
1169 2333 1271 2398 electo
1294 2333 1473 2398 Valentino
1496 2334 1641 2419 W[illcl-

590 2437 659 2525 mo]
684 2436 950 2503 commorabatur
972 2457 1079 2502 comes
1101 2435 1284 2514 familiaris,
1300 2436 1410 2501 virum
1433 2437 1641 2523 prudentem,

590 2540 756 2627 eleganter
776 2540 948 2605 literatum
971 2543 1005 2604 et
1023 2539 1108 2625 juris
1129 2539 1284 2627 peritum,
1307 2539 1518 2605 consiliorum
1549 2562 1642 2627 rega

589 2641 673 2707 lium
695 2642 942 2719 moderatorem,
965 2643 1127 2730 praecipue
1161 2642 1369 2730 negotiorum
1392 2648 1517 2708 statum
1541 2644 1641 2708 eccle-

589 2746 731 2812 siastioae
746 2747 944 2812 conditionis
959 2745 1230 2833 contingentium,
1247 2746 1283 2811 in
1299 2745 1451 2811 clericum
1467 2746 1640 2833 specialem

589 2855 625 2916 et
646 2858 895 2936 procuratorem,
911 2855 980 2915 tam
1002 2849 1039 2914 iu
1062 2849 1153 2916 curia
1175 2849 1326 2914 Romana
1340 2872 1439 2936 quam
1454 2850 1491 2913 in
1506 2850 1638 2936 Anglia,

589 2957 705 3039 utpote
735 2952 1003 3039 circumspectum
1035 2958 1070 3018 et
1101 2958 1283 3039 expertum,
1315 2957 1349 3017 et
1379 2952 1472 3039 regni
1504 2952 1640 3017 natione
1670 3001 1673 3013 .

589 3057 782 3134 naturalem,
806 3056 870 3122 sibi
902 3057 1003 3143 elegit
1037 3055 1312 3122 constituendum.
1359 3055 1460 3122 Unde
1487 3056 1639 3151 dominus

589 3182 648 3226 rex
670 3165 863 3248 magnatum
895 3159 1026 3247 Angliae
1060 3159 1124 3226 sibi
1157 3159 1299 3246 gratiam
1333 3180 1401 3226 non
1432 3158 1639 3226 mediocriter

591 3263 786 3331 conciliavit.

589 3548 781 3639 Episcopus
801 3548 1046 3619 Webetona'cnsis
1075 3548 1298 3638 willelmus]
1321 3547 1411 3616 odam
1433 3547 1639 3635 transfretat,

634 3711 760 3778 Diebus
791 3733 919 3798 quoque
952 3710 1014 3776 sub
1048 3710 1170 3776 eisdem
1202 3711 1371 3799 episcopus
1402 3708 1639 3776 Wintoniensis
1652 3725 1806 3791 Therinos
1896 3750 1901 3763 ·

589 3813 817 3903 uniamus,
841 3815 961 3880 canens
982 3813 1046 3879 sni
1079 3813 1212 3900 injuriis
1243 3814 1345 3879 aaa
1367 3813 1468 3878 eram
1498 3813 1638 3900 majores
1651 3793 1810 3910 ww*

588 3917 841 4007 exaggerandas,
863 3916 1120 3983 clandestinam³
1143 3916 1256 4005 fingam
1278 3916 1428 4003 arripuit,
1450 3917 1638 3982 naviculam
1651 3926 1755 3979 mance.

589 4022 770 4090 Londoniis
804 4021 840 4085 in
874 4020 1010 4085 flumine
1032 4019 1211 4085 Thamensi
1245 4018 1287 4084 de
1321 4023 1418 4085 nocte
1451 4021 1639 4099 ascendens,

589 4133 700 4215 partes
722 4126 874 4191 aditurus
907 4123 1102 4202 Gallicanas,
1127 4128 1167 4189 ut
1199 4122 1323 4188 ibidem
1355 4145 1568 4203 commorans,
1591 4147 1641 4191 re-

591 4232 682 4318 giam
704 4229 916 4297 serenitatem
938 4226 1193 4314 praestolaretur.

917 4443 1142 4451 —————--
1152 4443 1353 4452 .-.0--—-

626 4570 815 4636 'maistam
830 4570 862 4621 In
873 4571 917 4621 the
925 4578 980 4622 text
989 4578 1098 4622 contra·
1175 4571 1388 4640 ’clandestinam
1441 4573 1640 4635 clandestinam,

592 4659 639 4711 tua,
656 4652 701 4701 but
716 4651 799 4716 partly
811 4651 938 4701 corrected
956 4652 1018 4716 bys
1035 4652 1098 4702 later
1141 4650 1198 4702 MS.
1233 4651 1323 4703 Before
1334 4652 1384 4703 this
1395 4654 1465 4703 word
1477 4667 1527 4704 was
1544 4660 1570 4703 at
1586 4652 1641 4703 first

593 4730 668 4781 hand.
1141 4730 1240 4781 written
1270 4736 1299 4780 το
1321 4728 1444 4790 kalenda,
1472 4732 1522 4781 and
1549 4733 1640 4781 Martii

626 4812 637 4840 ²
653 4810 714 4874 qni.
734 4847 741 4860 .
760 4847 767 4862 .
783 4808 985 4874 Canmoriemis]
1005 4810 1098 4859 Added
1141 4810 1222 4860 added
1238 4809 1265 4859 in
1277 4825 1355 4876 marg.
1378 4812 1420 4874 (as
1435 4811 1462 4860 in
1482 4812 1513 4862 B.
1528 4810 1579 4875 C.),
1596 4812 1642 4861 but

591 4888 617 4941 in
628 4905 708 4956 marg.
1141 4890 1192 4940 this
1200 4891 1257 4942 date
1266 4889 1466 4941 hmusterwards
1475 4891 1538 4942 been
1547 4891 1640 4942 erased.
