4517 6425
684 1206 746 1271 146
806 1219 971 1270 samam
993 1216 1205 1270 eanrsmusrs
1227 1214 1391 1269 meroem
1413 1215 1609 1267 russonum

514 1531 583 1586 an.
596 1535 669 1585 1213.
688 1513 732 1582 Ut
758 1533 818 1580 ree
840 1510 1051 1599 JIotonnes]
1078 1530 1238 1576 eoroosene
1259 1509 1302 1575 in
1323 1529 1453 1576 nerones
1480 1508 1582 1595 lopati
1607 1504 1727 1595 infeli·

1059 1613 1141 1680 cites·
1162 1611 1357 1698 resipneee't.

514 1779 631 1829 Another
727 1765 790 1830 Die
820 1785 898 1830 vero
927 1764 1070 1829 crastina
1101 1768 1324 1829 convenerunt
1353 1763 1473 1828 iterum
1499 1764 1542 1827 ad
1567 1762 1725 1828 Sanctum
1739 1778 1896 1843 Ropwend.

513 1845 614 1962 {ssfffl
683 1868 831 1945 Paulum,
848 1867 915 1945 ubi,
930 1872 1006 1953 post
1025 1866 1147 1932 multos
1174 1871 1208 1930 et
1229 1866 1337 1931 varios
1362 1866 1403 1930 de
1428 1866 1597 1932 interdicti
1621 1867 1725 1932 relax·
1761 1845 1797 1895 iii.
1810 1851 1866 1899 ²⁷⁵·

515 1979 552 2029 St·
564 1978 659 2029 Paul's·
682 1974 794 2038 atione
808 1974 979 2049 tractatus,
995 1974 1074 2035 ante
1095 1968 1202 2054 majus
1217 1970 1320 2033 altare
1335 1988 1442 2033 coram
1457 1968 1542 2034 clero
1558 1974 1593 2034 et
1607 1970 1726 2056 populo

515 2099 586 2147 John
600 2099 659 2148 suo-
683 2078 798 2141 exacta
820 2078 870 2139 est
896 2095 917 2137 a
943 2094 1019 2160 rege
1045 2071 1103 2137 illa
1128 2093 1197 2136 non
1221 2071 1362 2137 formosa
1387 2071 1489 2137 immo
1513 2074 1624 2159 potius
1650 2072 1729 2137 faci-

508 2165 637 2296 lgm
645 2238 672 2281 to
683 2199 800 2243 norosa
823 2175 990 2262 subjectio
1005 2198 1071 2261 qua
1086 2176 1121 2239 in
1137 2196 1271 2239 manum
1287 2174 1420 2267 domini
1434 2198 1527 2262 papae
1541 2175 1725 2240 diademate
1738 2192 1894 2273 Ropwenu

515 2298 558 2349 the
568 2314 639 2365 pope.
683 2302 756 2345 oum
780 2299 880 2366 regno
910 2280 1084 2365 resignato,
1114 2282 1184 2343 tam
1215 2276 1397 2342 dominium
1421 2276 1604 2363 Hyberniee
1627 2300 1726 2365 quam
1762 2274 1799 2311 ¹¹¹·
1814 2266 1869 2314 ²⁷⁶·

682 2404 820 2469 regnum
850 2381 1001 2447 subdidit
1023 2379 1268 2466 anglicanum
1300 2399 1426 2467 semper
1450 2386 1562 2445 tamen
1587 2381 1670 2446 clam
1692 2386 1745 2452 et,

682 2486 791 2574 palam
820 2484 1017 2551 reclamante
1043 2505 1117 2549 eum
1144 2482 1313 2570 profundis
1341 2483 1489 2571 suspiriis
1516 2481 1744 2571 S[tephano]‚.

515 2602 571 2654 The
684 2584 913 2655 Oantuariensi
940 2586 1186 2673 archiepiscope.
1233 2585 1336 2651 Carta
1358 2608 1486 2674 quoque
1511 2586 1599 2673 regis
1622 2587 1744 2658 detes.

516 2670 671 2788 {efflgfth
683 2690 802 2773 tabilis,
818 2690 859 2756 de
882 2711 948 2776 qua
969 2689 1117 2777 superius
1133 2689 1286 2770 diximus,
1301 2711 1376 2777 quse
1390 2689 1481 2777 prius
1504 2711 1576 2754 cera
1598 2690 1728 2777 signata

516 2804 559 2853 the
569 2806 660 2870 gornen
683 2794 791 2861 fuerat
813 2799 848 2858 et
870 2791 1063 2878 Pandulpho
1085 2792 1219 2869 tradita,
1243 2815 1330 2858 nunc
1354 2814 1433 2858 auro
1458 2792 1586 2857 bullata
1611 2797 1662 2857 est
1684 2794 1727 2856 ad

516 2871 590 2923 Μ
683 2897 871 2963 memoriam
887 2894 1155 2983 perpetuandam,
1170 2900 1204 2960 et
1219 2895 1326 2982 legato
1340 2896 1383 2960 ad
1399 2917 1480 2984 opus
1495 2893 1620 2960 domiui
1634 2917 1727 2981 papio

683 3006 717 3066 et
741 3000 898 3065 Romana
921 2998 1063 3064 ecclesiae
1089 2998 1263 3085 resignata

683 3255 785 3341 Papo
805 3252 1029 3320 Innocentius
1051 3251 1127 3318 III.
1152 3251 1256 3336 lepoto
1280 3251 1421 3338 scripsit
1438 3273 1505 3339 pro
1528 3251 1729 3319 nocentibus

1124 3353 1275 3421 ecclesiis.

517 3494 573 3544 The
584 3509 648 3561 P0P⁶
729 3501 853 3567 Eodem
870 3505 1015 3588 tempore
1031 3501 1243 3567 Innocentius
1258 3524 1343 3589 papa
1358 3500 1517 3566 Nicholco
1536 3502 1646 3587 legato
1669 3523 1728 3590 per
1738 3520 1896 3586 Regivene.

518 3564 662 3681 wesin
684 3605 797 3671 literas
819 3602 914 3670 suas¹
942 3603 1035 3669 dedit
1059 3605 1095 3668 in
1117 3604 1293 3681 mandetis,
1317 3608 1357 3669 ut
1383 3603 1588 3692 episcopatus
1612 3610 1647 3670 ot
1670 3606 1727 3670 ab·
1765 3588 1801 3640 ffi·
1815 3595 1870 3643 ²⁷⁷·

517 3698 600 3811 ᾖξε
609 3705 652 3814 {ge
685 3707 816 3774 batias⁹
830 3713 984 3773 vacantes
999 3729 1056 3794 per
1079 3725 1217 3794 reguum
1239 3707 1371 3794 Angliae
1386 3706 1506 3772 faceret
1521 3705 1561 3772 dc
1584 3708 1729 3795 personis

519 3779 609 3879 vaenit
685 3808 835 3877 idoneis⁸
863 3832 923 3899 per
951 3810 1144 3876 electionem
1173 3808 1227 3875 vel
1260 3810 1514 3896 postulationem
1541 3811 1728 3876 canonicam

518 3897 649 3949 ΜΝ·
686 3915 839 3992 ordinari,
865 3913 973 3978 Deum
1004 3913 1127 3978 habens
1157 3936 1225 3999 pree
1255 3911 1379 3993 oculis3
1410 3912 1437 3977 si
1469 3912 1527 3999 qui
1552 3935 1630 3978 vero
1653 3935 1730 3979 con-

684 4017 879 4083 tradictores
903 4021 1020 4097 esseut,
1036 4039 1095 4104 per
1120 4038 1290 4083 censuram
1313 4015 1569 4097 ecclesiastim
1584 4017 1728 4106 appella·

684 4121 773 4187 tione
795 4123 930 4199 remota
954 4119 1185 4207 compelleret.⁴

896 4368 947 4436 De
968 4367 1151 4436 tirannide
1173 4375 1203 4435 et
1225 4366 1385 4455 snperbia
1408 4366 1517 4454 lopati.

519 4508 642 4574 Tum!
731 4517 876 4605 Legatus
901 4538 988 4595 vero,
1015 4521 1146 4604 accepto
1175 4515 1237 4580 tali
1266 4516 1432 4593 mandato,
1457 4516 1562 4580 factus
1586 4515 1627 4581 de
1652 4537 1727 4604 rege
1739 4529 1890 4610 Repwend

519 4578 651 4694 ppphpnue
688 4622 847 4699 tirannus,
876 4626 985 4707 spreto
1010 4618 1242 4706 archiepiscopi
1271 4624 1306 4684 ct
1335 4619 1559 4707 episcoporum
1585 4620 1727 4698 consili0,

521 4711 609 4775 legate.
674 4731 676 4733 ¹

1765 4599 1800 4648 rii.
1814 4600 1872 4651 277.

721 4867 727 4894 ¹
742 4862 798 4912 The
810 4863 895 4911 letters
905 4875 948 4911 are
958 4861 1034 4925 given
1049 4861 1077 4909 in
1088 4861 1185 4910 Weud·
1263 4860 1388 4927 ³idoneis]
1415 4861 1528 4927 ydoneis,
1548 4861 1614 4924 MS„
1633 4866 1683 4914 and
1701 4881 1730 4915 so

687 4959 747 4994 over
765 4943 815 4992 aud
834 4941 866 4991 B.
883 4940 922 5002 0,,
935 4940 1010 4989 dated
1026 4940 1100 4989 “kal.
1119 4941 1184 4990 Nor.
1230 4941 1332 5006 always.

689 5025 717 5088 [l
727 5022 806 5087 Non]
817 5028 884 5085 pont.
893 5019 1037 5069 annoxvi.’'
1044 5020 1095 5081 (cd.
1104 5019 1185 5081 wate,
1263 5023 1271 5049 ⁴
1283 5019 1441 5087 compelleret]
1460 5021 1516 5072 The
1527 5022 1576 5072 lest
1587 5023 1694 5087 syllable
1707 5024 1729 5073 is

687 5118 711 5165 p.
724 5105 794 5164 247).
1230 5116 1261 5149 ou
1271 5115 1302 5150 on
1315 5116 1419 5151 erasure.

720 5184 730 5210 ²
740 5179 867 5244 attalica]
886 5179 994 5235 abecias,
1006 5178 1061 5228 MS,
