4517 6425
617 1172 660 1234 12
747 1183 914 1235 usurum
935 1183 1148 1235 rnmsmusm
1169 1180 1332 1234 msronm
1353 1179 1555 1231 suenorum.

448 1368 517 1420 As).
533 1375 604 1421 nso.
618 1360 746 1427 dedisse
765 1382 968 1447 responsum,
985 1360 1065 1426 “De
1078 1364 1170 1425 statu
1192 1365 1303 1427 vestro
1322 1361 1444 1447 futuro,
1466 1368 1502 1430 et
1523 1361 1565 1427 de
1586 1360 1668 1426 vitae

617 1469 737 1529 vestrae
773 1462 997 1530 diuturnitate
1031 1461 1185 1540 diffinire,
1222 1461 1289 1528 Dei
1322 1470 1374 1531 est
1406 1476 1441 1536 et
1477 1471 1666 1533 sanctorum

616 1565 847 1654 apostolorum,
885 1570 920 1631 et
957 1586 1070 1632 eorum
1105 1564 1336 1646 consimilium,
1359 1570 1395 1631 et
1430 1588 1500 1633 non
1535 1587 1668 1644 meum3

616 1670 696 1756 quia
718 1689 777 1756 pro
799 1669 941 1756 peccatis
962 1668 1044 1734 meis
1065 1668 1120 1734 hic
1141 1690 1204 1755 ago
1229 1668 1470 1755 poenitentinm,
1502 1676 1537 1737 et
1560 1672 1668 1739 adhuc

615 1797 668 1840 me
683 1773 839 1840 miserum
861 1778 896 1839 et
918 1777 1119 1860 peccatorem
1142 1793 1211 1837 esse
1226 1772 1330 1838 doleo.
1376 1772 1445 1839 Sed
1466 1774 1550 1841 illud
1573 1778 1681 1843 vobis.

615 1878 698 1955 dico,
712 1875 802 1964 quod
824 1881 902 1942 ente
920 1881 1061 1942 mortem
1076 1881 1223 1941 vestram
1245 1897 1304 1961 per
1326 1879 1536 1964 septennium
1556 1880 1669 1946 dolen·
1718 1902 1720 1906 ·

616 1981 694 2046 dam
708 1980 854 2047 incurres
876 1976 1086 2045 ossuum?
1130 1977 1310 2066 Episcopus
1332 1984 1447 2047 sutem
1469 2004 1490 2047 e
1511 1981 1583 2048 viro
1603 1984 1668 2050 Dei

615 2084 776 2162 recedens,
813 2082 933 2170 saepius
963 2081 1002 2147 in
1035 2081 1147 2147 animo
1179 2081 1323 2148 revolvit
1355 2104 1395 2149 sc
1424 2106 1498 2171 ques
1528 2085 1667 2153 audivit.

617 2188 672 2266 Et,
696 2185 791 2272 qussi
812 2207 943 2252 securus
966 2185 1007 2252 de
1029 2184 1127 2250 dictis
1142 2184 1249 2250 suncti
1264 2184 1408 2264 effectus,
1424 2208 1499 2253 cum
1520 2189 1667 2256 maxims

616 2288 839 2355 sollicitudine
861 2288 1065 2354 medicorum
1087 2285 1189 2352 oculis
1219 2287 1399 2354 medicinas
1422 2292 1685 2358 conservativas.

616 2391 782 2473 adhibuit,
804 2395 937 2457 uttam
952 2389 1026 2456 vito
1047 2410 1147 2475 quem
1168 2389 1243 2454 visu
1265 2389 1472 2459 diuturniore
1495 2394 1666 2461 frueretur.

617 2495 683 2561 Sed
715 2501 836 2574 tamen,
868 2490 966 2560 cum¹
1001 2496 1076 2579 post
1107 2491 1215 2557 multe
1247 2514 1409 2560 annorum
1441 2496 1602 2563 curricula
1631 2498 1668 2562 in

616 2597 812 2675 valitudine,
827 2618 892 2682 que
906 2599 942 2662 et
963 2600 1114 2661 mortuus
1137 2599 1196 2672 est,
1207 2617 1337 2682 pressus
1354 2596 1489 2684 jaceret,
1505 2607 1540 2666 et
1559 2623 1580 2666 o
1601 2623 1669 2666 me·

616 2700 697 2766 diois
719 2700 801 2786 quid
822 2698 886 2765 sibi
909 2705 994 2765 esset
1025 2697 1190 2785 egendum
1218 2698 1343 2764 curiose
1371 2701 1563 2787 requireret,
1588 2726 1668 2769 une-

616 2802 700 2867 nimi
730 2823 842 2867 omnes
864 2822 1024 2867 consensu
1047 2800 1198 2887 episcopo
1228 2801 1392 2868 dederunt
1423 2806 1605 2885 consilium,
1627 2813 1836 2887 utRog.wen‹t

616 2905 736 2970 enimse
751 2925 819 2970 suae
834 2902 935 2969 soluti
951 2902 1129 2968 salubriter
1143 2903 1342 2989 provideret,
1359 2911 1394 2971 et
1409 2928 1448 2972 eo
1465 2908 1665 2996 diligentiae,
1711 2887 1747 2941 iii.
1765 2895 1803 2941 ¹¹·

617 3028 682 3093 quo
712 3029 747 3072 se
778 3006 875 3072 sciret
913 3004 1109 3071 festinanter
1139 3005 1345 3072 moriturum.
1402 3008 1500 3089 Quod
1529 3011 1667 3079 audiens

617 3108 793 3195 episcopus,
824 3107 883 3188 uit,
916 3106 1086 3194 “Decepit
1115 3130 1170 3173 me
1200 3106 1368 3189 Godrious,
1393 3112 1450 3197 qui
1476 3118 1666 3200 septennem

617 3210 699 3276 mihi
722 3213 902 3278 woitetem
924 3216 1002 3277 ante
1026 3217 1168 3277 mortem
1194 3210 1375 3297 promisit.”
1420 3215 1483 3282 Oui
1502 3217 1685 3303 sopientes,

618 3315 688 3400 ojus
709 3314 809 3379 amici
823 3312 1071 3401 responderunt,
1095 3313 1247 3380 “Merito
1269 3336 1372 3381 caecus
1395 3322 1430 3383 ct
1451 3318 1612 3385 dicebaris
1634 3326 1687 3390 et.

618 3417 719 3493 fuisti,
742 3417 800 3503 qui
822 3416 968 3482 existens
989 3415 1142 3503 pontifex
1172 3421 1206 3483 et
1237 3417 1423 3483 animarum
1447 3426 1566 3508 pastor,
1591 3422 1688 3492 duta.

618 3519 763 3607 pecunie,
787 3519 916 3585 comitis
947 3524 981 3584 et
1009 3518 1189 3605 justiciarii
1222 3542 1328 3587 venus
1349 3543 1388 3587 oc
1417 3524 1576 3610 superbus
1605 3525 1687 3594 tibi.

617 3646 737 3690 nomen
759 3621 977 3709 comparasti;
1004 3622 1089 3688 omis
1111 3622 1313 3689 secularibus
1335 3629 1370 3691 te
1392 3625 1586 3708 immiscens,
1613 3651 1687 3714 pe·.

618 3725 875 3812 regrinationem
891 3730 984 3789 tunm
1007 3730 1130 3791 temere
1152 3726 1388 3813 postponendo.
1433 3728 1479 3793 Et
1493 3729 1539 3793 sic
1553 3750 1688 3798 verum.

618 3829 683 3895 tibi
710 3827 798 3893 dixit
821 3826 982 3905 sanctus,2
1003 3832 1043 3891 ut
1069 3849 1173 3892 caecus
1197 3827 1300 3906 fieres,
1322 3828 1424 3893 immo
1450 3834 1543 3895 totus
1562 3831 1687 3901 fectus.

619 3954 653 3997 cs
675 3930 875 4014 tenebrosus,
897 3933 1009 3993 mente
1029 3928 1154 3994 scilicet
1171 3930 1284 4015 potius
1306 3951 1406 4014 quam
1428 3951 1570 4016 corpore,
1594 3954 1687 4018 quse.

619 4032 747 4101 cecitas
768 4028 1000 4118 dompnosior⁸
1022 4051 1092 4096 esse
1114 4031 1232 4096 merito
1254 4030 1513 4118 comprobatur.'’

452 4315 579 4366 neruos
644 4304 736 4377 obiit
764 4302 1095 4384 welcumeston
1119 4301 1159 4368 ds
1183 4299 1417 4383 Macedoniae,
1444 4307 1474 4369 et
1497 4301 1649 4371 ueteres

451 4382 598 4500 {iffi
946 4402 1131 4492 factust
1154 4402 1337 4471 ustum

450 4516 594 4653 ”tutti

666 4515 791 4612 Eodem
814 4564 902 4608 euno
929 4541 1022 4620 obiit,
1043 4541 1079 4606 in
1103 4541 1284 4607 multorum
1302 4540 1458 4622 dolorem,
1474 4541 1667 4622 Willelmus,
1680 4565 1839 4633 Quum,

453 4678 570 4731 unusual
622 4670 728 4717 comes
751 4648 791 4713 de
815 4642 1040 4733 Mognsvillu⁴
1084 4643 1261 4730 Nonesque
1283 4643 1398 4709 Martii
1420 4644 1526 4710 fuctus
1548 4651 1599 4712 est
1617 4651 1689 4721 to-‚
1730 4633 1767 4686 iii.
1782 4640 1820 4688 ¹¹·

452 4747 572 4865 ffl‘f·
621 4753 728 4818 nitrus
749 4748 917 4815 horribilis
938 4746 1045 4829 nimis,
1068 4768 1143 4813 cum
1158 4746 1346 4834 dampnosis
1361 4745 1687 4815 chourseetionibus.·

657 4973 742 5039 ὀισπ]
762 4973 804 5023 On
818 4986 851 5021 an
864 4985 971 5021 erasure.
1201 4967 1394 5035 ‘Maeonium
1421 4970 1560 5021 Intsrlined
1580 4968 1611 5032 is,
1634 4967 1672 5019 vel

655 5052 790 5118 'manisd
810 5051 851 5102 On
862 5066 895 5101 sn
907 5065 1013 5101 emsure.
1168 5047 1368 5116 Moudo[eillo].

655 5130 842 5198 ’dempserim
863 5127 1007 5195 dspnosior,
1019 5128 1076 5182 MS.
