4517 6425
696 1199 744 1249 na
765 1200 924 1250 ramosa
946 1198 1048 1250 sams
1068 1198 1224 1265 nnuamr,
1247 1198 1315 1251 viz.
1338 1198 1460 1250 rnnrn.
1536 1183 1601 1249 439

554 1373 769 1458 praesentibus
791 1396 876 1461 rege,
893 1374 1011 1461 legato,
1035 1377 1071 1440 et
1092 1372 1207 1438 multis
1229 1371 1389 1460 episcopis
1411 1375 1446 1436 et
1468 1373 1772 1459 magna-AD·1²⁴⁰·

553 1477 654 1557 tibus,
677 1479 733 1563 qui
756 1501 869 1545 omnes
890 1502 930 1545 ea
960 1478 1014 1543 die
1044 1478 1234 1544 convivium
1260 1497 1335 1543 cum
1357 1475 1428 1562 ipso
1452 1476 1603 1562 episcopo

486 1652 489 1655 ,
553 1579 767 1647 celebrarunt.
814 1582 870 1645 Ad
893 1603 992 1667 quam
1022 1580 1265 1646 dedicationem
1287 1578 1461 1644 annuatim
1484 1578 1604 1644 devote

553 1684 770 1762 venientibus,
794 1706 946 1750 concessa
977 1689 1027 1750 est
1058 1684 1157 1750 venia
1186 1684 1270 1749 xiiii.
1293 1704 1456 1748 annorum
1468 1708 1477 1763 3
1516 1681 1605 1766 quod

552 1786 679 1874 legatus
701 1793 736 1854 et
759 1788 901 1878 episcopi
924 1811 1037 1855 omnes
1059 1789 1108 1854 ibi
1130 1792 1311 1876 praesentes
1332 1786 1580 1854 confirmanmt.

813 2073 906 2170 Obiit
930 2072 1072 2141 Thorace
1094 2072 1135 2141 dc
1156 2072 1348 2143 Mutctcmca.

597 2223 786 2312 Eodemque
808 2231 955 2314 tempore
977 2226 1061 2292 obiit
1082 2226 1282 2315 grandaevus
1307 2231 1343 2292 et
1372 2223 1603 2312 magnanimus
1615 2242 1700 2297 nath
1712 2245 1742 2299 of

553 2323 646 2393 miles
667 2350 706 2394 ac
728 2329 913 2416 opulentus,
935 2330 1078 2398 Thomas
1099 2330 1141 2398 dc
1164 2330 1347 2397 Muletuna
1425 2395 1431 2406 ,
1616 2313 1771 2435 ffuffi‘st

642 2613 693 2683 Dc
715 2612 936 2685 calcatione
957 2616 1204 2685 uwrracborura
1226 2613 1521 2685 Duueluwusium.

599 2774 738 2864 (lassata
752 2777 909 2844 electione
924 2778 1013 2844 facta
1035 2778 1076 2846 de
1098 2777 1328 2845 archidiacono
1342 2777 1400 2843 sed
1422 2796 1602 2865 perperam,
1616 2793 1772 2851 rhemonks

554 2878 706 2943 monachi
729 2878 886 2945 Dunelmi
910 2881 1049 2948 Romam
1084 2882 1240 2948 destinati
1273 2881 1443 2970 petierunt
1473 2879 1604 2945 electio-
1616 2865 1772 2985 ‘s’afsspufffl

553 3004 630 3048 nem
652 2984 773 3049 factam
797 2984 837 3050 de
859 2986 969 3072 priore
991 3008 1050 3052 suo
1072 2986 1200 3052 Thoma
1221 3008 1242 3051 a
1264 2985 1398 3052 domino
1419 3006 1506 3073 papa
1526 3005 1603 3049 con·
1617 2949 1707 3051 curtlia
1717 2951 1773 3081 rou

553 3085 698 3169 firmari,
720 3087 778 3154 sed
799 3089 965 3175 regalibus
987 3090 1154 3179 repaguiis
1176 3089 1360 3178 praepediti,
1391 3110 1519 3155 moram
1541 3086 1605 3154 sibi
1617 3067 1773 3189 ffiffl‘n

552 3190 651 3256 nimis
674 3190 889 3279 dampnosam
910 3191 1058 3260 ibidem¹
1083 3193 1334 3275 continuabant,
1356 3197 1397 3258 ut
1420 3193 1514 3280 quasi
1536 3214 1606 3281 prae
1748 3152 1773 3204 p.

553 3294 694 3359 tristitia
715 3297 989 3362 contabescerent
1030 3297 1270 3364 Decubuerunt
1292 3297 1397 3384 igitur
1418 3295 1606 3374 infirmati,2

549 3395 651 3482 juxta
691 3399 830 3464 verbum
869 3399 1063 3478 Salomonis,
1102 3408 1121 3435 ‘⁴
1137 3400 1283 3487 Spiritus
1320 3398 1426 3464 tristis
1464 3398 1607 3465 desiccat

555 3519 628 3565 ossa
639 3497 689 3580 ;''8
711 3506 746 3566 et
768 3503 893 3568 mortui
915 3509 995 3569 sunt
1018 3508 1162 3589 quatuor
1183 3502 1351 3591 praeelecti
1373 3501 1414 3567 de
1428 3507 1606 3580 conventu,

554 3623 630 3668 cum
653 3604 852 3690 quibusdam
875 3604 934 3671 in⁴
951 3606 1028 3692 jure
1061 3606 1177 3694 peritis
1210 3606 1337 3673 clericis
1367 3610 1402 3671 et
1434 3605 1605 3684 ministris,

554 3706 771 3773 consolationi
786 3729 899 3774 eorum
921 3708 1097 3795 deputatis.
1145 3708 1243 3789 Quod
1258 3730 1333 3774 cum
1355 3707 1502 3775 audisset
1524 3708 1606 3774 elec-
1619 3729 1773 3798 Thebnhop

552 3815 617 3888 tus,
640 3811 762 3877 scilicet
784 3813 874 3898 prior
896 3810 1139 3892 Dunelmmsis,
1156 3813 1198 3878 ab
1221 3812 1290 3878 alto
1313 3812 1434 3879 ducens
1455 3811 1606 3899 suspiria,
1617 3799 1732 3917 {lectam-

553 3914 660 3980 doluit
683 3915 966 3982 inconsolabiliter
991 3916 1081 4003 quod
1102 3938 1251 4002 unquam
1274 3915 1459 4003 eligeretur,
1483 3922 1521 3982 ut
1544 3939 1605 4004 pro
1640 3881 1696 3932 gn.

553 4019 623 4104 ejus
646 4020 804 4086 electione
837 4020 1018 4085 causaliter
1035 4019 1090 4086 vel
1124 4019 1374 4085 occasionaliter
1404 4024 1457 4085 tot
1481 4020 1604 4107 peritos

552 4123 692 4211 contigit
723 4124 894 4212 deperisse.
941 4122 1049 4190 Cessit
1083 4122 1187 4209 igitur
1217 4127 1426 4210 spontaneus,
1458 4145 1604 4191 asserem

551 4248 723 4312 nunquam
754 4227 904 4314 pristinae
937 4225 1056 4292 letitiae
1089 4221 1242 4291 statum⁵
1263 4225 1318 4292 vel
1348 4225 1530 4294 alacritatis
1552 4249 1603 4294 re·

552 4335 734 4416 capturum,
755 4330 814 4396 sed
835 4331 898 4396 sub
931 4328 1141 4417 poenitentiae
1163 4349 1302 4395 moerore
1326 4328 1397 4396 dies
1427 4352 1504 4397 suos
1526 4352 1603 4398 con-

552 4433 768 4500 tinuaturum.
824 4433 981 4499 Monachi
1017 4455 1104 4512 vero,
1150 4431 1270 4520 quibus
1315 4432 1462 4521 eligendi
1498 4433 1603 4499 libera
1616 4444 1748 4514 Theking

551 4541 700 4623 potestas
731 4536 990 4623 relinquebatur,
1012 4558 1133 4624 regem,
1155 4542 1196 4600 ut
1229 4536 1331 4602 moris
1356 4541 1415 4615 est,
1438 4536 1601 4617 adierunt,
1614 4529 1741 4632 ,rffi‘w

551 4639 689 4727 petituri
713 4643 752 4704 ut
786 4638 977 4705 concederet
1004 4638 1133 4724 justam
1156 4638 1301 4727 eligendi
1323 4639 1535 4718 facultatem3
1567 4645 1601 4704 et
1613 4648 1657 4700 the
1668 4648 1759 4699 monks

552 4743 710 4810 concessit
741 4743 915 4820 instanter,
939 4747 1054 4829 petens
1088 4748 1128 4806 ut
1160 4742 1376 4820 Bonifacium‚
1399 4741 1601 4808 avtmculum
1613 4715 1770 4847 Qum„

586 5001 592 5030 ¹
612 4995 709 5060 ibidem]
728 4994 830 5053 ibibem,
842 4993 899 5046 MS.
1131 4994 1140 5023 ⁴
1157 4992 1197 5059 ia]
1216 4992 1363 5045 Interlincd.

584 5076 742 5140 'arfitmutq
761 5073 968 5136 imfirmatidllss.
1130 5075 1259 5141 'emtum
1278 5073 1422 5126 lntcrlined.

584 5160 594 5188 ³
611 5157 687 5207 Prov.
699 5156 762 5208 xvii.
776 5161 815 5207 22.
