4517 6425
827 1230 875 1279 DE
896 1230 1056 1281 TEMPORE
1078 1230 1180 1280 nauis
1201 1230 1383 1290 somnum.
1585 1221 1625 1282 81

575 1406 654 1472 beat
685 1426 792 1494 opere,
815 1406 905 1493 quod
938 1406 1120 1492 juraverat,
1152 1406 1341 1493 adimplere.
1386 1406 1441 1470 Ad
1475 1406 1536 1472 hoc
1569 1407 1710 1473 illeau.
1724 1421 1796 1467 1199.

574 1509 783 1596 respondem,
805 1508 957 1596 promisit
979 1531 1013 1575 sc
1037 1531 1097 1596 per
1117 1510 1279 1574 auxilium
1303 1509 1368 1574 Dei
1390 1508 1564 1575 bonafide
1587 1533 1626 1575 ea

575 1634 649 1698 quae
666 1612 840 1697 juraverat
862 1612 1050 1698 adimplere.
1094 1611 1141 1677 Et
1162 1613 1209 1677 sic
1231 1611 1491 1700 archiepiscopus
1519 1612 1624 1700 impo-

574 1736 655 1781 nens
671 1715 773 1803 capiti
799 1715 871 1802 ejus
890 1736 1051 1792 eoronam,
1067 1714 1169 1779 unxit
1183 1737 1259 1780 eum
1281 1715 1318 1779 in
1341 1736 1459 1801 regem.
1505 1714 1625 1781 Postea

554 1840 653 1883 .vero
674 1818 897 1903 interrogatus
919 1816 1180 1903 archiepiscopus
1213 1817 1375 1895 secretius,
1399 1839 1499 1904 quare
1522 1818 1624 1883 talem

553 1919 770 2009 ‚praemiaerit
792 1919 829 1984 in
855 1920 1065 1984 coronatione
1088 1940 1279 1999 sermonem,
1303 1919 1470 1985 asserebat
1500 1941 1535 1984 se
1557 1942 1623 1985 cer-

553 2023 736 2089 .tificatum
758 2023 859 2089 fuisse
889 2021 1015 2087 coelesti
1050 2022 1181 2087 oraculo
1211 2044 1310 2109 super
1339 2022 1463 2098 multis,
1486 2044 1560 2109 quae
1582 2023 1623 2088 de

555 2126 644 2212 .ipso
665 2148 741 2213 rege
763 2124 896 2190 fuerant
910 2129 1061 2190 ventura.
1107 2124 1150 2188 In
1165 2125 1310 2189 crastino
1325 2131 1445 2202 autem,
1460 2125 1623 2212 homagiis
1635 2144 1760 2197 flevistis

572 2234 606 2294 et
628 2228 846 2293 fidelitatibus
869 2228 1019 2315 acceptis,
1037 2227 1178 2291 Beatum
1193 2226 1370 2305 Albanum,
1391 2227 1492 2313 Angl
1483 2250 1525 2293 ue
1548 2250 1622 2315 pro·
1609 2212 1788 2343 {effingi

573 2330 811 2411 thomartirem,
835 2330 993 2395 orationis
1015 2329 1123 2417 gratia
1147 2329 1247 2394 devot
1233 2335 1287 2394 tus
1313 2329 1442 2416 petivit,
1466 2329 1523 2394 ubi
1547 2353 1621 2395 cum
1634 2294 1747 2397 clytus.

553 2455 701 2501 summo
732 2432 864 2509 honore,
901 2431 1063 2519 solempni
1100 2432 1371 2548 processioneu
1348 2436 1389 2497 ut
1425 2433 1526 2497 moris
1560 2439 1620 2513 est,

554 2541 750 2623 susceptus,
774 2558 848 2602 cum
871 2536 992 2601 abbate
1022 2535 1140 2600 nobilis
1170 2533 1312 2600 conviva
1344 2534 1531 2613 laetabatur,
1561 2558 1621 2600 nec

553 2639 643 2706 ,sine
673 2638 825 2726 pretiosis
855 2638 986 2704 recessit
1019 2636 1194 2702 donativis.
1242 2637 1342 2702 Unde
1376 2637 1554 2702 certissime
1586 2661 1620 2703 se

555 2743 723 2828 promisit
744 2741 834 2806 illam
866 2740 1034 2806 ecclesiam
1065 2740 1249 2826 specialiter
1280 2761 1348 2826 prae
1372 2739 1524 2805 omnibus
1546 2762 1621 2827 pro-

573 2850 747 2910 moturum.
793 2844 840 2908 Et
854 2844 1082 2909 brevissimam
1096 2864 1223 2908 moram
1245 2842 1281 2906 in
1296 2842 1421 2928 Anglia
1434 2842 1564 2920 faciens,
1582 2865 1621 2908 ea

572 2969 645 3033 quae
667 2946 846 3012 statuenda
868 2950 963 3012 erant
985 2946 1021 3012 in
1042 2967 1145 3032 regno
1168 2967 1241 3011 cum
1267 2949 1461 3032 magnatum
1484 2946 1619 3011 consilio

570 3050 633 3116 rite
654 3050 789 3137 peregit.

577 3367 620 3434 Ut
640 3390 699 3435 raa
718 3367 894 3436 Jobcuaea
916 3368 959 3434 r'sa
973 3369 1237 3434 Normanniam
1253 3368 1477 3456 [truaac'oas]‚¹
1495 3370 1620 3436 mattea

812 3538 815 3543 .
857 3471 986 3539 maur
1008 3471 1076 3538 aba·
1099 3470 1339 3538 conciliaverit.

377 3641 559 3709 nogwend
616 3619 768 3687 Instante
782 3643 861 3686 vero
883 3621 1036 3708 deinceps
1056 3620 1138 3686 festo
1155 3619 1245 3685 beati
1259 3618 1283 3685 J
1284 3619 1423 3684 ohannis
1447 3620 1617 3706 Baptistae,
1646 3633 1679 3677 24
1690 3627 1766 3681 June

406 3712 452 3762 iit
469 3715 533 3760 ¹⁴⁰·
570 3721 606 3785 in
629 3723 868 3788 Normanniam
895 3745 955 3788 rex
981 3723 1152 3789 lohannes
1175 3722 1414 3788 transfretavit.
1474 3723 1520 3787 Et
1542 3744 1615 3787 cum
1628 3716 1698 3768 J⁰h¹¹

569 3826 713 3891 venisset
744 3826 1000 3912 Rothomagum,
1036 3825 1224 3891 confluebat
1249 3825 1292 3890 ad
1326 3847 1401 3890 eum
1435 3824 1521 3889 mult
1522 3825 1616 3890 itudo
1628 3794 1787 3918 minii„

568 3931 727 4014 equestris
749 3929 912 3994 exercitus
935 3933 970 3993 et
991 3929 1162 4014 pedestris,
1187 3950 1269 4014 quos
1289 3949 1402 3994 omnes
1424 3927 1459 3992 in
1481 3917 1768 4035 servitiogljffln

568 4051 627 4094 suo
660 4031 756 4096 laetus
787 4031 935 4096 retinuit
993 4031 1121 4096 Deinde
1152 4030 1247 4095 habit
1233 4035 1305 4096 tum
1336 4037 1387 4096 est
1417 4030 1615 4117 colloquium
1628 4001 1768 4169 plmlesloiro

567 4132 655 4197 inter
680 4155 791 4220 regem
808 4134 1009 4199 Francorum
1034 4135 1100 4198 et
1091 4155 1209 4220 1psum,
1227 4133 1264 4198 in
1287 4156 1352 4220 quo
1376 4139 1513 4199 statutae
1535 4119 1681 4199 sunth¹¹¹¹

566 4240 690 4322 treugae
713 4258 816 4322 usque
839 4237 874 4301 in
902 4238 1081 4302 crastinum
1097 4236 1344 4323 Assumptionis
1367 4237 1474 4302 beatae
1491 4237 1606 4303 Mariae
1608 4202 1784 4320 ‚merrith

566 4343 606 4402 ut
624 4338 732 4403 medio
747 4342 893 4425 tempore
909 4339 950 4404 de
965 4362 1044 4426 pace
1067 4344 1319 4405 contrectarent.
1366 4339 1469 4404 Venit
1490 4340 1618 4405 interea
1648 4357 1678 4400 ιι
1689 4354 1761 4418 Aug.

567 4438 610 4504 ad
633 4462 743 4528 regern
766 4442 789 4506 J
791 4443 956 4507 ohannem
987 4464 1095 4507 comes
1122 4442 1335 4507 Flandrensis
1369 4442 1459 4530 apud
1491 4443 1617 4507 Rotho·
1629 4443 1685 4494 The
1696 4451 1773 4494 count

567 4563 711 4630 magum,
735 4547 770 4608 et
793 4544 851 4608 alii
874 4544 973 4609 multi
995 4544 1122 4610 nobiles
1146 4545 1186 4610 de
1209 4567 1310 4632 regno
1335 4544 1553 4624 Francorum,
1581 4510 1783 4626 etssfffld‘m

568 4647 764 4732 pepigerunt
790 4646 899 4712 foedus
928 4647 1083 4713 amicitiae
1113 4670 1188 4712 cum
1218 4648 1341 4725 eodem,
1364 4648 1449 4712 sicut
1470 4648 1735 4760 foeemntffi'w
1712 4643 1775 4692 with

568 4770 640 4814 cum
663 4771 739 4836 rege
762 4749 914 4827 Ricardo,
937 4756 1051 4816 contra
1072 4772 1182 4836 regem
1213 4751 1434 4829 Francorum3
1464 4750 1615 4834 factaque

567 4853 743 4919 securitate
764 4853 840 4918 ad
830 4854 982 4931 mvicem‚
1005 4854 1143 4940 quisque
1166 4855 1209 4918 ad
1236 4854 1367 4940 propria
1388 4852 1554 4917 remeavit.

571 5044 610 5050 ...-
878 5045 920 5049 -
930 5045 1230 5051 ———.—-.-.---
1242 5042 1469 5049 —..-.-..-—--.
1480 5043 1493 5047 ..-

829 5170 835 5198 ¹
850 5169 985 5236 tamena]
1014 5169 1135 5234 Supplied
1146 5169 1212 5219 from
1223 5169 1265 5220 W.
1277 5169 1307 5219 B.
1320 5166 1348 5217 C.

657 5276 732 5327 VOL.
758 5278 792 5325 11.
1462 5277 1483 5324 11·
