4517 6425
854 1228 901 1278 aa
923 1228 1083 1279 raurona
1106 1226 1208 1278 arms
1230 1227 1411 1280 sonarum.
1590 1215 1653 1279 159

612 1402 692 1476 [de]¹
710 1403 902 1460 Norhautona
922 1404 1044 1469 scilicet,
1065 1403 1101 1458 de
1122 1404 1337 1469 Kenilwurtho,
1360 1405 1396 1459 de
1414 1404 1606 1476 Notingham,
1626 1412 1657 1461 et
1668 1402 1738 1456 AD·
1751 1408 1813 1456 1215

610 1489 647 1544 de
666 1489 858 1556 Scardeburc,
874 1490 967 1562 jurati
990 1507 1057 1545 xxv.
1076 1489 1245 1555 baronibus,
1265 1489 1344 1561 quod
1368 1488 1476 1545 facient
1496 1490 1533 1545 de
1551 1491 1657 1547 castris

611 1575 760 1645 praedictis
787 1575 866 1647 quod
888 1576 948 1647 ipsi
971 1576 1166 1647 proeoeperint
1191 1582 1223 1631 et
1244 1575 1459 1639 mandaverint,
1486 1575 1534 1632 vel
1564 1577 1657 1647 major

589 1676 678 1731 ·pars
708 1675 821 1727 eorum,
852 1659 1032 1732 distringant
1054 1676 1117 1716 nos.
1163 1660 1203 1715 Et
1229 1665 1316 1716 erunt
1345 1657 1507 1725 castellani,
1534 1660 1585 1732 qui
1609 1661 1657 1716 vel

590 1744 713 1816 ·qnales
731 1745 790 1816 ipsi
808 1745 965 1800 voluerint.
1011 1745 1052 1800 Et
1067 1763 1121 1801 nos
1139 1745 1339 1801 amovebimus
1357 1761 1458 1799 omnes
1476 1744 1657 1815 alienigenas

610 1847 628 1884 a
650 1828 752 1885 terra.²
786 1829 913 1901 Insuper
931 1828 1055 1885 fecimus
1080 1829 1142 1884 illis
1167 1829 1232 1884 fieri
1257 1828 1359 1884 literas
1387 1828 1600 1884 testimoniales
1628 1836 1659 1887 et

610 1919 753 1986 patentes,
767 1920 876 1985 praeter
892 1914 948 1969 hoc
966 1915 1045 1985 quod
1059 1913 1226 1985 juravimus
1238 1914 1270 1968 in
1287 1914 1446 1984 praesentia
1474 1912 1657 1986 S[tephani],

611 1996 831 2053 Canthariensis
856 1997 1079 2070 archiepiscopi,
1107 1993 1271 2068 H[enrici],
1298 1995 1488 2054 Dublinensis
1516 1998 1658 2070 archiepi-

611 2084 702 2154 scopi,
717 2082 828 2138 domini
845 2081 1022 2154 Pandulphi,
1036 2080 1207 2138 subdiaconi
1225 2087 1256 2137 et
1272 2081 1384 2136 domini
1401 2099 1485 2154 papae
1502 2083 1658 2138 familiaris

610 2173 641 2223 et
658 2168 767 2232 nuncii,
794 2185 883 2241 super
910 2168 1068 2224 securitate
1093 2167 1161 2222 iata.
1199 2165 1296 2235 Quare
1314 2166 1449 2222 volumus
1475 2172 1506 2223 et
1534 2167 1658 2223 firmiter

610 2254 819 2325 praecipimus,⁴
832 2252 911 2326 quod
928 2252 1093 2323 Anglicana
1103 2250 1230 2306 ecclesia
1246 2250 1341 2305 libera
1358 2250 1406 2316 sit,
1419 2256 1451 2307 et
1468 2252 1548 2323 quod
1559 2269 1659 2307 omnes

610 2338 743 2392 homines
761 2338 798 2391 de
816 2355 909 2408 regno
927 2337 1055 2392 habeant
1078 2341 1109 2392 et
1133 2339 1251 2391 teneant
1268 2350 1367 2391 omnes
1385 2335 1537 2391 libertates
1555 2335 1659 2408 praefa·

611 2427 666 2487 tas,
683 2421 753 2493 jura
770 2426 802 2477 et
824 2421 1060 2485 consuetudines,
1080 2420 1154 2475 bene
1174 2424 1205 2476 et
1227 2420 1259 2474 in
1276 2436 1358 2490 paca,
1374 2419 1477 2475 -libere
1500 2425 1531 2476 et
1548 2419 1657 2492 quiete,

610 2506 696 2577 plene
715 2510 745 2562 et
761 2505 888 2577 integre,
908 2504 1009 2560 sibiet
1025 2503 1185 2559 heredibus
1205 2503 1276 2568 suis,
1295 2502 1434 2559 danobis
1453 2510 1483 2559 et
1499 2503 1658 2559 heredibus

609 2590 731 2655 nostris,
748 2591 976 2661 inperpetuum.
1012 2588 1153 2644 Juratum
1171 2592 1217 2644 est
1234 2593 1343 2654 autem,
1362 2592 1424 2644 tam
1442 2604 1477 2643 ex
1492 2594 1576 2660 parte
1593 2607 1659 2644 nos·

610 2682 658 2731 tra
676 2691 764 2746 quam
781 2674 933 2740 baronum,
953 2672 1031 2745 quod
1054 2674 1118 2729 haeo
1142 2673 1240 2728 omnia
1263 2672 1431 2744 supradicta
1456 2674 1533 2728 bona
1554 2673 1612 2727 fide
1630 2678 1661 2728 et

612 2760 674 2815 sine
692 2758 770 2813 malo
788 2758 907 2830 ingenio
925 2757 1166 2813 observabuntur.
1196 2758 1333 2813 Testibus
1351 2756 1526 2829 supradictis
1538 2764 1569 2813 et
1585 2758 1660 2812 mul-

611 2845 650 2901 tis
669 2844 746 2899 aliis.
777 2842 887 2898 Datum
904 2860 957 2914 per
974 2860 1094 2897 manum
1114 2841 1267 2906 nostram,⁵
1286 2843 1317 2897 in
1341 2847 1426 2913 prato
1444 2842 1521 2914 quod
1538 2848 1660 2898 vocatur

612 2926 845 2997 Runingemade,
866 2928 942 2982 inter
964 2927 1069 2983 Stancs
1095 2933 1125 2983 et
1145 2926 1394 2992 windeleshores,
1420 2945 1467 2983 xv.
1491 2926 1539 2983 die
1564 2927 1657 2992 Junii,

613 3030 686 3068 anno
703 3012 789 3083 regni
807 3012 901 3067 nostri
919 3010 1033 3067 x⁰vii⁰.”

592 3192 603 3211 .
659 3144 731 3208 Rex
761 3147 872 3208 autem
903 3126 1057 3207 omnibus
1087 3141 1146 3207 et⁶
1175 3142 1314 3230 singulis
1347 3164 1498 3208 serenum
1528 3142 1659 3208 vultum
1670 3150 1816 3269 Βιιξιῑοῑεγἰ

593 3252 648 3311 .et
667 3247 849 3334 jocundum
872 3245 1039 3324 exhibens,
1062 3245 1239 3332 unicuique
1269 3244 1476 3312 familiariter
1497 3252 1533 3312 et
1549 3221 1716 3332 jocose⁰ft
1734 3214 1825 3286 ἐῶς’·

594 3349 791 3437 applausit,
815 3370 962 3414 asserens
988 3371 1023 3414 se
1043 3348 1209 3435 sapienter
1231 3351 1265 3413 et
1290 3347 1431 3415 feliciter
1450 3349 1561 3414 omnia
1586 3370 1661 3413 con-

594 3474 800 3530 ‚summasse
827 3474 901 3517 cum
925 3457 1039 3517 tamen
1067 3450 1132 3515 hiis
1162 3451 1327 3516 contraria
1356 3452 1539 3539 cogitasset,
1561 3455 1660 3538 prout

614 3556 787 3641 sequentia
819 3553 1042 3619 declarabunt.
1087 3553 1325 3618 Verumtamen
1360 3551 1536 3641 Stephano,
1573 3552 1660 3619 Oan-

614 3658 775 3723 tuariensi
799 3657 1047 3744 archiepiscopo,
1072 3661 1112 3722 ut
1142 3656 1188 3721 sic
1215 3677 1289 3741 quae
1319 3657 1466 3743 concepit
1491 3657 1566 3743 plus
1588 3654 1661 3742 pal·

614 3762 718 3840 limet,
745 3767 889 3826 castrum
916 3759 1064 3837 Rofense,
1088 3781 1164 3825 cum
1190 3759 1387 3845 quibusdam
1413 3757 1488 3824 aliis
1512 3779 1587 3844 quae
1616 3758 1659 3823 ad

613 3866 683 3949 ejus
714 3863 899 3929 custodiam
933 3862 973 3928 de
1002 3863 1078 3950 jure
1109 3861 1247 3948 antiquo
1281 3861 1484 3948 spectabant,
1514 3859 1660 3926 reddidit

614 3968 820 4033 indistanter.
867 3967 913 4032 Et
934 3965 989 4046 sic,
1011 3967 1119 4031 soluto
1142 3963 1288 4044 concilia,
1303 3964 1441 4030 barones
1464 3987 1539 4030 cum
1561 3963 1660 4030 cartis
1673 3973 1827 4026 Thebanus

594 4069 690 4168 ‘suis
727 4092 784 4157 spe
818 4091 904 4136 vana
946 4067 1139 4147 refocillati,⁷
1178 4068 1220 4134 ad
1259 4067 1374 4135 urbem
1413 4066 1660 4135 Londoniarum
1671 4049 1794 4161 {ffi’

614 4177 809 4240 remearunt.

650 4454 791 4518 'Supplied
802 4453 867 4503 thom
877 4452 920 4504 W.
932 4453 962 4504 B.
974 4452 1002 4503 Ο.
1160 4469 1216 4503 mus
1226 4452 1660 4514 tirmiter,MS.,butmarkedtobe

650 4535 660 4563 ²
671 4533 717 4594 Et,
728 4533 763 4583 cd
773 4531 873 4583 melius.
887 4571 893 4582 .
911 4569 918 4582 .
935 4548 953 4580 a
965 4532 1045 4598 terra]
1059 4532 1116 4582 The
1161 4533 1312 4598 transposed.

616 4613 697 4663 whole
709 4613 739 4663 of
751 4613 802 4664 this
813 4613 836 4662 is
847 4612 952 4663 omitted
969 4613 1117 4680 inRymer,
1195 4615 1205 4642 ⁵
1216 4629 1263 4678 per
1274 4628 1370 4663 manum
1381 4611 1501 4677 nostram]
1515 4610 1555 4662 On
1567 4627 1598 4660 un
1607 4624 1661 4661 era·

617 4694 632 4743 i.
643 4708 667 4757 p.
683 4698 737 4744 132.
1162 4707 1228 4753 aare,
1240 4693 1290 4742 and
1301 4692 1385 4756 partly
1396 4691 1471 4740 noted
1483 4691 1509 4740 in
1520 4705 1598 4754 marg.

651 4773 714 4822 'loc
727 4808 734 4821 .
745 4810 770 4823 ..
786 4772 934 4838 prasentia]
954 4773 995 4823 On
1014 4787 1047 4822 an
1064 4787 1116 4822 era·
1197 4770 1253 4836 ⁶et]
1274 4770 1419 4820 Interlined.

617 4869 682 4912 sure,
691 4855 741 4902 and
752 4855 835 4917 partly
847 4854 923 4901 noted
933 4852 961 4901 in
971 4867 1051 4916 marg.
1196 4853 1203 4878 ⁷
1216 4848 1359 4914 refocillati]
1379 4851 1416 4899 At
1435 4850 1488 4900 first
1505 4849 1602 4898 written
1622 4865 1659 4898 re·

651 4935 659 4962 ⁴
669 4933 776 4994 firmiter
801 4931 974 4997 praemimur]
1003 4930 1118 4996 praecipi·
1155 4927 1278 4994 focillate.
