4517 6425
674 1164 736 1227 134
812 1176 974 1226 MA‘I’THAEI
997 1176 1210 1225 PARlSlENSIS
1233 1175 1397 1225 HISTORIA
1419 1173 1618 1223 ANGLORUM.

505 1364 572 1416 Aa).
588 1369 658 1416 1213.
671 1374 796 1441 scopus,
818 1352 861 1417 ab
885 1351 1049 1417 Hibernia
1065 1351 1138 1439 jam
1161 1351 1355 1430 adduxerat,
1371 1375 1445 1417 cum
1461 1373 1559 1416 manu
1576 1349 1741 1438 pedestri.

671 1453 864 1522 numerosa¹
913 1455 1101 1522 Constituit
1123 1477 1182 1521 rex
1207 1461 1364 1543 praeterea
1384 1469 1459 1521 eum
1486 1454 1637 1526 hostibus
1664 1475 1723 1518 ua-
1736 1475 1895 1540 Rog.wend.

672 1559 745 1625 vale
767 1559 892 1623 bellurn
922 1580 1097 1636 conserere,
1129 1565 1170 1625 ut
1201 1580 1255 1624 cos
1277 1558 1313 1623 in
1344 1558 1460 1645 pelago
1490 1557 1722 1643 submergeret,
1762 1543 1798 1594 iii.
1812 1548 1869 1593 ²⁴⁶·

672 1667 851 1750 antequam
874 1662 1001 1727 aridam
1026 1668 1231 1748 occuparent.

867 1871 917 1938 Dc
939 1872 1089 1939 odorata
1110 1870 1319 1961 Paradulplia'
1340 1872 1387 1939 od
1409 1895 1526 1960 repam.

505 2034 640 2103 Pandurph
718 2018 807 2086 Dum
845 2024 958 2086 autem
989 2043 1049 2087 rex
1078 2020 1264 2109 Anglorum
1297 2044 1374 2088 cum
1403 2023 1578 2089 innumera
1610 2043 1718 2087 arma-
1737 2041 1896 2108 Rog.Wend.

505 2106 623 2232 ἓξὲξ
674 2128 784 2189 torum
806 2123 900 2210 copia
920 2123 1008 2212 regie
1035 2122 1237 2190 Francorum
1267 2124 1513 2211 prestolaretur
1534 2124 1725 2200 adventum,
1763 2110 1801 2161 iii.
1814 2115 1870 2161 ²⁴¹⁶·

505 2247 647 2318 sanatur
673 2225 904 2314 applicuenmt
926 2226 994 2291 duo
1023 2225 1144 2295 fratres
1166 2228 1207 2293 de
1237 2227 1360 2294 militia
1389 2228 1519 2315 Templi
1547 2227 1635 2315 apud
1659 2227 1730 2306 Do<

505 2313 643 2358 meme*
671 2351 794 2407 veram,
829 2334 865 2395 et
897 2329 1069 2395 venientes
1096 2328 1140 2395 ad
1175 2352 1293 2417 regem,
1317 2330 1539 2397 amicabiliter
1568 2331 1726 2397 dixerunt

672 2433 711 2511 ei,
734 2440 752 2468 “
768 2432 939 2498 Mittimur
960 2433 1004 2499 ad
1029 2437 1065 2498 tc
1087 2455 1145 2505 ex,
1155 2439 1249 2520 parte
1276 2433 1476 2522 Pandulphi,
1500 2433 1558 2521 qui
1580 2456 1639 2521 pro
1661 2434 1725 2498 uti-

671 2536 766 2601 litate
804 2541 916 2601 vestra
949 2535 1119 2602 vobiscum
1150 2536 1243 2624 cupit
1273 2537 1394 2603 habere
1424 2538 1632 2624 colloquium,
1668 2536 1726 2622 qui

671 2644 833 2726 proponet
855 2638 920 2703 tibi
946 2639 1038 2705 viam
1067 2639 1353 2721 reconciliationis,
1375 2640 1454 2706 licet
1483 2641 1520 2705 in
1550 2640 1641 2706 curia
1663 2640 1727 2705 Ro-

673 2764 813 2807 manaa
843 2741 920 2828 jure
949 2742 1044 2829 regni
1069 2742 1203 2829 Angliae
1226 2743 1327 2809 fueris
1349 2742 1558 2829 abjudicatus
1589 2748 1623 2808 et
1653 2764 1726 2807 sen-

673 2844 859 2910 tentialiter
880 2843 1187 2933 condempnatus.’'²
1231 2846 1328 2926 Quod
1348 2868 1422 2911 cum
1449 2847 1520 2933 regi
1542 2845 1746 2933 placuisset„

507 2957 634 3035 deneges
674 2948 845 3013 redierunt
859 2947 1037 3034 Templan‘i
1053 2969 1114 3034 pro
1129 2948 1335 3035 Pandulpho.
1381 2948 1488 3029 Quem
1512 2970 1586 3013 cum
1601 2947 1746 3013 addux-.

505 3024 656 3143 ffiffifn
674 3049 786 3128 issent,
802 3048 891 3114 dixit
913 3050 1001 3115 idem
1024 3049 1272 3137 P[andulphus]
1297 3050 1376 3138 regi,
1399 3060 1417 3085 “
1432 3052 1524 3130 Ecce,
1540 3074 1599 3117 rex
1624 3050 1728 3115 Fran-

507 3158 586 3209 tothe
673 3174 784 3220 corum
806 3152 1052 3241 potentissimus
1073 3154 1109 3219 in
1136 3153 1220 3220 ostio
1243 3152 1429 3242 Sequanae³
1452 3176 1527 3220 cum
1557 3155 1729 3220 innumera

506 3225 610 3279 Μὴ·
672 3255 812 3322 navium
841 3255 1065 3336 multitudine,
1088 3262 1124 3322 et
1154 3256 1280 3344 majora
1309 3263 1496 3346 expectans,
1528 3262 1665 3345 paratur
1695 3261 1748 3322 te.
1766 3263 1897 3346 ltnwend.

670 3358 837 3439 invadere,
861 3359 956 3447 quasi
978 3359 1049 3425 Deo
1079 3366 1114 3426 et
1143 3360 1288 3427 ecclesiae
1310 3365 1434 3428 sanctae
1461 3358 1672 3428 universali⁴
1695 3365 1748 3429 et.
1774 3349 1810 3383 ¹¹¹·
1824 3337 1880 3385 ²⁴⁷·

673 3486 768 3552 papae
812 3461 976 3544 rebellem,
1014 3484 1167 3529 coronam
1205 3462 1339 3551 Angliae
1384 3464 1582 3531 auctoritate
1618 3462 1749 3552 papali·

674 3567 862 3654 adepturus.
922 3564 1072 3632 Veniunt
1103 3566 1206 3634 etiam
1238 3589 1315 3632 curn
1348 3566 1405 3633 illo
1437 3589 1550 3633 omnes
1585 3564 1749 3654 episcopi·

675 3669 806 3757 Angliaa
829 3669 1012 3756 proscripti,
1036 3691 1110 3736 cum
1141 3669 1267 3735 clericis
1303 3675 1338 3735 et
1367 3669 1459 3736 laicis
1491 3692 1550 3758 per
1582 3674 1617 3736 te
1651 3677 1775 3756 exu·',

676 3772 833 3854 lantibus,
854 3776 905 3852 ut,
928 3772 1000 3858 ipso
1033 3771 1125 3854 duce,
1161 3771 1255 3838 sedes
1289 3771 1488 3860 episcopales
1525 3794 1599 3839 cum
1634 3770 1731 3837 rebus

676 3873 751 3940 aliie
772 3880 806 3940 te
828 3874 936 3939 invito
958 3873 1127 3962 recipiant.
1174 3875 1291 3942 Jactat
1316 3898 1350 3941 eo
1373 3883 1532 3963 praterea
1558 3875 1648 3942 idem
1671 3880 1737 3940 rex'

677 3982 783 4044 cartas
804 3978 925 4044 habere
949 3979 1097 4044 omnium
1118 3978 1186 4045 fere
1208 3979 1340 4068 Angliae
1362 3986 1559 4070 magnatum
1586 3978 1626 4045 de
1653 3978 1732 4046 fide-

676 4081 773 4147 litate
817 4087 853 4148 et
897 4081 1107 4168 subjectione,
1155 4082 1195 4148 de
1242 4104 1399 4149 consensu
1445 4089 1480 4150 et
1518 4082 1750 4151 conniventia.

680 4185 806 4250 domini
843 4207 946 4272 papae,
975 4186 1064 4250 unde
1094 4185 1225 4273 plenum
1263 4186 1405 4273 concipit
1443 4188 1652 4253 securitatem
1690 4185 1752 4251 ad·

680 4291 780 4355 finem
803 4289 978 4375 perducere
1001 4289 1089 4375 quod
1123 4290 1246 4377 incepit
1268 4291 1499 4357 desideratum.
1561 4291 1599 4358 Si
1622 4296 1734 4356 tamen

681 4393 788 4458 adhuc
810 4392 1025 4459 sufficientem
1047 4399 1204 4480 praestare
1227 4394 1370 4459 volueris
1393 4395 1580 4461 cautionem
1607 4394 1734 4482 judicio

681 4495 823 4562 ecclesiae
856 4497 993 4582 parendi
1027 4501 1061 4562 et
1092 4496 1269 4576 humiliari,
1299 4499 1423 4585 poteris
1458 4498 1566 4565 adhuc
1595 4520 1638 4564 ex
1671 4496 1734 4564 cle-

682 4599 808 4665 mentia
829 4599 915 4665 sedis
937 4600 1126 4687 apostolicae
1149 4622 1287 4688 regnum
1314 4624 1513 4688 recuperare,
1537 4624 1644 4688 aquo
1674 4622 1735 4688 pro

682 4704 888 4769 contumacia
912 4704 1027 4770 Romae
1050 4703 1261 4790 abjudicatus
1283 4705 1405 4770 fuisti?

717 4907 724 4935 ¹
737 4903 913 4955 adduxerat..
925 4940 932 4953 .
944 4940 950 4953 .
969 4904 1108 4969 numerosa]
1128 4905 1185 4955 Tho
1265 4908 1274 4936 ³
1288 4905 1421 4971 Sequana]
1437 4907 1471 4958 Sc
1483 4907 1536 4957 also
1547 4906 1578 4957 Ε.
1606 4906 1638 4955 ln
1650 4905 1692 4956 W.
1702 4905 1734 4955 B.

684 4985 739 5034 first
749 4986 820 5032 word
831 4985 853 5033 is
864 4999 897 5033 on
912 4999 944 5032 an
961 4998 1070 5043 erasure,
1082 4985 1133 5034 and
1145 4984 1187 5034 tho
1232 4984 1261 5036 C.
1274 4984 1390 5048 fluminis
1411 4986 1433 5035 is
1455 4986 1545 5046 added,
1565 5000 1592 5035 as
1609 4984 1692 5051 again,
1709 5001 1734 5050 p.

552 5128 555 5135 1
683 5073 734 5113 rest
745 5065 824 5113 added
835 5065 861 5113 in
873 5078 954 5127 marg.
1235 5069 1290 5117 1³7.

717 5143 931 5208 ’condempnctrsj
945 5141 1188 5209 condepnatusals.
1267 5145 1275 5174 ⁴
1289 5143 1434 5209 uniuersali]
1456 5145 1497 5197 On
1509 5159 1541 5196 an
1554 5155 1662 5197 erasure.
