4517 6425
727 1192 775 1241 oa
796 1190 955 1240 rmrronn
976 1190 1080 1241 anors
1102 1191 1258 1254 marmor,
1282 1191 1348 1242 vra
1372 1191 1496 1243 rnarn.
1569 1176 1634 1244 393

586 1364 738 1444 Thomas,
771 1366 923 1453 episcopi,
953 1371 987 1431 et
1024 1366 1127 1432 abbas
1166 1366 1374 1446 Oroilandiae‚
1412 1367 1636 1433 nobilissimus
1648 1375 1718 1427 AJ).
1735 1382 1808 1429 raas.

585 1489 704 1551 genere
738 1475 773 1535 et
806 1470 963 1550 moribus,
996 1468 1170 1548 Henrious,
1201 1473 1236 1535 et
1265 1471 1513 1536 strenuissimus
1542 1469 1738 1548 milesanepf

587 1570 759 1659 Philippus
782 1571 822 1638 do
851 1571 1020 1638 Albineto.
1064 1572 1111 1637 Et
1141 1571 1254 1638 eodem
1286 1594 1382 1653 anno,
1406 1574 1492 1639 circa
1513 1573 1635 1639 festum
1647 1535 1774 1654 ,iiiiffe

586 1675 693 1739 sancti
723 1673 902 1754 Michaelis,
925 1674 1012 1740 obiit
1042 1672 1217 1740 Rofensis¹
1242 1676 1421 1763 episcopus,
1444 1680 1479 1742 et
1509 1674 1636 1741 Willel·
1666 1699 1698 1743 aa
1711 1694 1779 1761 Sept.

587 1797 660 1840 mus
683 1776 723 1842 de
747 1778 831 1857 Bles,
848 1776 1086 1864 wigorniensis
1109 1777 1286 1865 episcopus,
1303 1783 1338 1844 et
1361 1778 1511 1861 Thomas,
1534 1779 1636 1845 abbas

587 1879 812 1958 Eweshamiae,
845 1879 899 1945 cui
930 1880 1086 1946 successit
1116 1879 1286 1960 Ricardus,
1321 1881 1412 1968 prior
1445 1883 1486 1947 ds
1518 1882 1633 1949 Hurle.
1646 1931 1706 1983 wal
1755 1936 1772 1985 d

587 1983 745 2072 Magister
767 1982 935 2049 Walterus
958 1983 999 2048 de
1023 1981 1207 2069 Cantelupo
1236 1982 1368 2049 electus·
1381 1988 1432 2050 est
1453 1984 1489 2049 in
1511 1986 1633 2071 episco-
1647 1944 1787 2066 canidhpi

588 2109 666 2173 pum
688 2086 960 2173 wigorniensem,
984 2107 1082 2172 quem
1105 2085 1259 2151 dominus
1281 2107 1367 2174 papa
1390 2088 1599 2155 consecravit.
1646 2068 1793 2133 ‘'mm'‘

1647 2134 1677 2182 of
1685 2135 1801 2187 Worces·

1646 2205 1692 2252 ter.

426 2394 469 2447 sor.
484 2397 566 2452 1256.
601 2389 651 2456 Dc
674 2411 798 2475 mopso
819 2388 1039 2475 parlamcnto
1063 2387 1176 2455 habito
1200 2387 1397 2456 Londoniis
1422 2389 1465 2456 ia
1490 2390 1615 2457 octavis

639 2490 859 2580 Epiphaniae,
884 2490 946 2557 abi
969 2513 1028 2557 rea
1052 2490 1201 2577 eaipabot
1226 2492 1440 2560 tricesimam
1462 2493 1570 2580 rapui.

629 2641 730 2705 Anno
754 2639 892 2704 Domini
914 2653 1220 2718 n⁰.cc⁰.xxx⁰.v11⁰.,
1244 2641 1302 2727 qui
1325 2646 1376 2707 est
1406 2663 1514 2707 annus
1543 2640 1636 2728 regni
1649 2651 1720 2706 Ab.
1736 2659 1808 2709 1237.

585 2745 671 2831 regis
696 2742 833 2809 Henrici
852 2742 917 2809 III.
941 2742 1048 2822 xxia,
1071 2744 1182 2808 tenuit
1204 2744 1292 2809 idem
1314 2766 1374 2809 rex
1395 2745 1518 2810 curiam
1541 2766 1635 2809 suam
1648 2745 1739 2813 Hem

584 2846 627 2910 ad
658 2844 787 2936 Natale
812 2845 902 2931 apud
934 2844 1149 2911 Wintoniam.
1206 2846 1300 2912 Misit
1333 2851 1444 2912 autem
1478 2813 1788 2931 continuossffim„

583 2970 641 3035 per
663 2969 775 3014 omnes
797 2948 880 3012 fines
894 2946 1026 3035 Angliae
1048 2947 1173 3034 scripta
1193 2948 1294 3035 regia,
1314 2948 1508 3035 praecipiens
1530 2948 1633 3015 omni·
1647 2946 1758 2996 ”Win-

582 3050 645 3116 bus
675 3050 718 3115 ad
752 3071 890 3137 regnum
913 3050 1047 3137 Angliae
1078 3051 1314 3137 spectantibus,
1345 3051 1499 3118 videlicet
1530 3050 1634 3116 archi·
1647 3012 1756 3155 {¹²⁰⁸ss

582 3153 752 3242 episcopis,
774 3153 941 3242 episcopis,
965 3152 1169 3219 abbatibus'
1191 3158 1226 3220 et
1254 3153 1418 3242 prioribus
1448 3154 1634 3234 installatis,
1647 3112 1801 3223 oriilnrroneellt

583 3257 760 3323 comitibus
791 3263 826 3322 et
857 3257 1043 3335 baronibus,
1067 3261 1107 3321 ut
1140 3279 1253 3322 omnes
1288 3257 1360 3322 siris
1393 3258 1569 3323 omissione
1598 3239 1800 3322 in²‘1‘⁰¹¹‘¹⁰¹‘·

583 3360 709 3426 oetavis
726 3359 923 3447 Epiphaniae
938 3358 1119 3424 Londoniis
1142 3360 1365 3441 convenirent,
1389 3360 1481 3448 regia
1501 3360 1636 3448 negotia

585 3468 619 3528 et
641 3462 744 3527 ardua
766 3460 950 3526 tractaturi
995 3461 1100 3526 Venit
1122 3462 1226 3548 igitur
1241 3461 1429 3527 Londonias
1452 3463 1506 3528 die
1528 3463 1634 3528 sancti
1670 3479 1773 3540 radun.

585 3563 732 3650 Hyllarii
755 3562 888 3628 infinita
901 3562 1063 3628 nobilium
1078 3563 1269 3643 multitudo,
1284 3564 1408 3630 scilicet
1430 3563 1524 3652 regni
1546 3569 1633 3630 tota-

584 3667 625 3732 lis
640 3666 850 3732 universitas
894 3664 1082 3730 Willelmus
1098 3665 1203 3752 igitur
1218 3664 1258 3731 de
1275 3666 1382 3745 Rale,³
1396 3668 1482 3754 regis
1497 3667 1632 3735 clericus
1645 3680 1760 3734 widdo
1820 3682 1823 3689 '

585 3775 619 3836 et
642 3768 791 3857 specialis
820 3766 1035 3846 consiliarius,
1067 3772 1237 3853 exparte
1268 3770 1354 3855 regis
1384 3769 1431 3835 eis
1458 3771 1632 3836 nunciavit
1645 3747 1778 3867 ffldffssn

584 3874 704 3950 dicens,
736 3869 907 3935 “Mandat
938 3867 1034 3935 vobis
1065 3868 1219 3934 dominus
1250 3892 1320 3950 rex,
1355 3873 1444 3958 quod
1476 3871 1633 3962 quicquid
1647 3882 1797 3962 aidforthe

583 3976 743 4040 hactenus
781 3972 903 4051 fecerit,
942 3971 1060 4036 amodo
1097 3977 1247 4037 vestrum
1286 3975 1433 4040 omnium
1474 3949 1719 4046 subdeturhnss·

583 4078 724 4143 oonsilio.
770 4073 1010 4140 Verumtamen
1042 4096 1101 4160 per
1134 4075 1381 4141 matrimonium
1415 4081 1544 4146 sororis
1568 4103 1636 4150 suae

583 4177 808 4266 imperatricis,
825 4182 860 4242 et
882 4197 979 4241 suum
1000 4175 1179 4263 proprium,
1204 4178 1354 4264 expensis
1376 4180 1526 4266 profusis,
1546 4185 1638 4272 peni-

584 4286 640 4346 tus
661 4281 800 4367 pecunia
822 4279 1024 4345 destituitur.
1070 4278 1222 4344 Postulat
1253 4279 1358 4364 igitur
1383 4304 1404 4346 a
1423 4284 1520 4349 vobis
1542 4288 1637 4351 auxi-

584 4382 666 4446 lium
689 4381 872 4469 pecuniam,
894 4381 944 4446 ita
965 4379 1129 4461 videlicet,
1153 4385 1193 4445 ut
1223 4380 1282 4445 illa
1313 4385 1452 4468 pecunia
1473 4387 1517 4452 ad
1540 4388 1638 4455 bene-

584 4485 741 4570 placitum
778 4487 928 4548 vestrum
965 4483 1110 4560 collecta,
1147 4481 1352 4548 secundum⁴
1389 4486 1638 4574 dispositionem

584 4586 770 4672 aliquorum
794 4589 943 4650 vestrum
974 4585 1018 4649 ad
1052 4584 1115 4650 hoc
1147 4586 1336 4667 electorum,
1358 4588 1396 4653 in
1425 4611 1504 4654 usus
1534 4613 1636 4679 regno

617 4820 624 4850 ¹
638 4817 701 4867 This
713 4816 735 4864 is
746 4830 779 4865 an
796 4828 867 4864 error
882 4813 950 4876 (also
966 4811 995 4861 in
1006 4812 1037 4863 B.
1050 4811 1103 4876 C.),
1114 4813 1155 4862 for
1170 4813 1262 4880 Henry
1280 4817 1311 4865 de
1329 4814 1439 4868 sanford
1452 4815 1511 4868 died
1526 4823 1558 4868 24
1575 4819 1637 4871 Feb,

586 4903 658 4948 12³⁵.
692 4894 771 4954 Fasti,
782 4894 810 4943 ii.
824 4898 882 4943 560.
923 4892 972 4942 See
982 4891 1137 4957 previously,
1148 4908 1172 4956 p.
1186 4896 1243 4944 377.

615 4973 781 5039 ²ubbatibas]
800 4971 893 5021 Added
904 4970 931 5018 in
943 4984 1025 5035 marg.

616 5057 627 5086 ⁸
644 5052 721 5120 Rcle]
740 5050 850 5116 Ralegh,
862 5049 899 5109 C..
910 5049 970 5098 hera
982 5049 1032 5099 and
1044 5048 1187 5101 elsewhere.

618 5133 782 5199 ⁴scoriadam]
802 5131 844 5183 On
855 5143 888 5179 an
900 5143 1007 5179 erasure.
