4517 6425
754 1205 757 1211 ⁵
856 1196 903 1247 ur
925 1198 1083 1248 rrurosr
1106 1198 1207 1249 arare
1229 1198 1410 1250 rosarum.
1591 1191 1654 1256 129

768 1472 819 1539 De
840 1473 941 1539 Petro
962 1472 1136 1553 heremita,
1159 1482 1189 1541 et
1211 1476 1283 1562 ojus
1301 1475 1490 1563 prophetia.
1544 1487 1547 1494 '
1669 1492 1822 1546 anina.

444 1616 594 1686 meusne
651 1618 723 1687 Sub
745 1621 867 1687 eisdem
890 1642 1020 1709 quoque
1042 1623 1159 1689 diebus
1189 1628 1262 1690 erat
1283 1624 1321 1688 in
1342 1623 1511 1711 provincia
1533 1624 1801 1705 Ebora-Prophecy

467 1687 569 1742 arro.

458 2764 498 2817 iol
512 2770 577 2817 sao.

605 1724 692 1788 censi
723 1724 884 1790 heremita
914 1727 1060 1812 quidam,
1086 1726 1205 1794 Petrus
1234 1727 1377 1805 nomine,
1408 1726 1473 1813 qui,
1497 1746 1536 1792 eo
1567 1729 1656 1813 quod
1668 1705 1840 1833 ξζθΡξὲξζὴ,’

605 1827 720 1893 multis
741 1827 856 1895 futura
878 1829 986 1895 multa
1013 1830 1225 1917 praedixerat,
1248 1829 1386 1917 Sapiens
1416 1837 1631 1917 cognomento
1646 1829 1655 1867 ¹
1669 1839 1812 1904 repeating

606 1929 784 1999 dicebatur.
842 1932 909 1999 Hic
947 1934 1036 1999 inter
1080 1934 1156 2014 alia,
1198 1956 1272 2020 quae
1316 1932 1437 2020 spiritu
1473 1934 1657 2020 prophetiae
1669 1906 1747 1957 John.
1782 2000 1787 2011 ,

605 2037 714 2099 tactus
736 2033 868 2102 viderat
894 2036 936 2103 de
966 2057 1042 2123 rege
1073 2036 1236 2114 Johanne,
1259 2034 1370 2123 palam
1399 2058 1507 2102 coram
1530 2036 1657 2101 cunctis
1667 1996 1802 2115 &effla

606 2136 735 2222 publice
757 2138 930 2219 asserebat,
946 2140 1036 2225 quod
1057 2161 1126 2205 non
1147 2139 1235 2206 foret
1256 2161 1316 2206 rex
1337 2140 1374 2205 in
1397 2140 1450 2205 die
1474 2129 1741 2205 Dominieaelvw·

606 2239 815 2307 Ascensionis
849 2243 1000 2330 proximo
1031 2242 1200 2328 sequentis
1234 2264 1293 2309 nee
1325 2242 1486 2329 deinceps,
1517 2242 1575 2307 sed
1604 2242 1659 2308 die
1690 2264 1719 2309 15
1732 2260 1803 2327 May.

607 2342 663 2407 illa
700 2364 852 2409 coronam
892 2344 1023 2432 anglie
1061 2345 1105 2410 ad
1143 2344 1245 2410 alium
1283 2344 1455 2411 transferri
1492 2344 1658 2431 praedixit.

608 2444 711 2532 Cujus
740 2447 886 2526 assertio,
914 2469 990 2513 oum
1019 2449 1062 2514 ad
1091 2449 1178 2535 regis
1207 2448 1364 2512 notitiam
1395 2448 1593 2525 devenisset,
1616 2454 1658 2526 et,

606 2547 677 2634 ipso
708 2548 857 2635 jubente,
896 2556 974 2618 ante
1007 2551 1117 2636 ipsum
1154 2550 1382 2628 adduceretur,
1421 2549 1577 2635 quaesivit
1616 2550 1658 2614 ab

607 2652 730 2731 eodem,
756 2652 784 2718 si
815 2653 869 2718 die
899 2652 958 2717 illa
983 2652 1068 2720 foret
1098 2653 1289 2731 moriturus,
1319 2651 1374 2717 vel
1403 2674 1468 2738 quo
1495 2651 1609 2718 ordine
1639 2674 1661 2717 a

606 2754 726 2841 regni²
763 2756 844 2821 solio
881 2756 1077 2843 privaretur.
1135 2756 1203 2836 Qui
1241 2756 1419 2843 respondit,
1456 2755 1658 2822 “Noveritis

606 2858 795 2935 certmsime,
817 2859 906 2945 quod
936 2860 992 2926 die
1022 2858 1183 2947 praedicta
1212 2881 1271 2925 rex
1302 2881 1371 2926 non
1392 2859 1479 2940 erie;
1508 2868 1543 2926 et
1565 2860 1594 2923 si
1617 2859 1658 2924 de

607 2962 777 3028 mendacio
811 2963 997 3042 convincar,
1030 2965 1071 3029 de
1105 2985 1159 3030 me
1192 2963 1281 3049 quod
1312 2964 1473 3051 placuerit
1505 2962 1658 3029 faciatis.”

610 3065 673 3131 (lui
704 3087 772 3144 rex,
804 3065 936 3147 “Fiat''
967 3066 1085 3153 inquit,
1121 3068 1329 3133 “secundum
1361 3066 1501 3133 verbum
1535 3064 1662 3132 tuum.’'

609 3170 702 3237 Time
724 3169 866 3236 tradidit
888 3168 982 3235 illum
1011 3191 1073 3236 rex
1093 3169 1137 3235 ad
1168 3169 1430 3251 custodiendum,
1455 3169 1558 3237 donee
1583 3168 1661 3235 finis
1675 3193 1806 3260 mering

591 3273 785 3340 .videretur.
832 3272 1033 3340 Sollicitavit
1069 3273 1174 3361 igitur
1210 3274 1345 3339 interim
1384 3273 1538 3339 dominus
1575 3295 1661 3359 papa
1675 3263 1760 3312 (Μ
1775 3263 1829 3314 sim

1673 3329 1801 3379 tobelm·

591 3399 719 3465 ,regern
749 3376 961 3457 Francorum,
991 3382 1025 3443 et
1062 3376 1216 3463 praelatos
1246 3381 1280 3459 et
1310 3381 1481 3463 magnates
1512 3374 1661 3442 Franciae
1674 3395 1799 3460 prisoner.

592 3487 644 3546 .et
666 3500 780 3545 omnes
810 3479 977 3566 episcopos
1006 3479 1150 3565 langha,
1172 3483 1243 3544 tam
1274 3478 1352 3545 illos*
1378 3479 1496 3564 quiin
1521 3478 1662 3543 Francia
1675 3500 1805 3566 remp.

592 3582 826 3648 morabantur
855 3582 967 3648 exules
996 3601 1096 3668 quam
1125 3580 1200 3646 illos
1231 3579 1288 3668 qui
1318 3580 1354 3646 in
1388 3580 1513 3667 Anglia
1541 3580 1596 3645 vel
1626 3581 1661 3644 in
1675 3569 1830 3619 enimam

1674 3641 1702 3684 to
1712 3636 1796 3686 excite

591 3684 795 3752 .confinibus
817 3685 1041 3765 morabantur,
1062 3705 1192 3765 necnon
1214 3689 1249 3749 et
1271 3688 1444 3770 magnates
1466 3681 1607 3770 Angliae,
1621 3688 1661 3747 ut
1674 3701 1717 3752 the
1725 3702 1813 3769 elergy

592 3789 646 3853 .in
668 3788 838 3854 tirannum
861 3793 896 3853 et
917 3787 1046 3853 hostem
1076 3786 1220 3852 ecclesia
1240 3784 1439 3865 iohannem,
1462 3785 1661 3872 quandoque
1675 3770 1781 3820 ”⁶³⁰¹

1674 3836 1791 3902 errrtyor

592 3913 721 3979 regem
754 3890 895 3978 Angliae,
926 3894 1080 3977 potenter
1111 3889 1331 3976 insurgerent,
1355 3889 1474 3955 merito
1507 3912 1530 3954 a
1544 3889 1661 3978 gregali
1674 3902 1830 3963 mancones

593 3994 775 4081 ‚dejectum
797 3993 969 4080 dignitate,
984 4014 1028 4059 ne
1049 3993 1090 4059 de
1112 4013 1273 4058 consensu
1292 3991 1486 4058 viderentur
1507 3991 1545 4056 in
1566 4013 1662 4057 eano-

591 4119 687 4164 .nem
723 4095 886 4162 incidisse.
943 4095 1045 4162 Unde
1082 4094 1184 4182 coepit
1221 4117 1288 4161 esse
1326 4094 1536 4161 familiaritas
1572 4094 1662 4160 inter
1673 4103 1752 4157 John

592 4199 754 4265 .Franaos
777 4202 811 4264 et
834 4197 971 4285 Augus,
994 4199 1051 4263 sed
1077 4197 1225 4278 occulta3
1254 4197 1478 4264 formidabant
1500 4196 1590 4263 enim
1612 4197 1660 4262 hii

593 4307 647 4368 .et
669 4302 728 4380 illi,
751 4323 793 4367 ne
819 4300 952 4367 ecclesia
982 4300 1176 4366 universalis
1207 4305 1241 4366 et
1270 4301 1372 4366 etiarn
1394 4300 1476 4366 fides
1499 4299 1662 4365 catholica

593 4426 671 4492 ‚per
699 4403 784 4470 hanc
814 4403 1010 4470 discordiam
1039 4403 1276 4471 detrimentum
1307 4402 1361 4469 vel
1391 4403 1503 4492 potius
1532 4403 1660 4468 ruinam

594 4513 791 4598 ‚pateretur

1676 3970 1797 4034 Englsnd

1674 4037 1774 4102 against

648 4797 654 4827 ¹
668 4793 834 4862 raynonem]
852 4800 1046 4860 conguomento,
1057 4793 1113 4845 MS.
1137 4792 1143 4860 Ι
1196 4792 1299 4858 ²reym']
1319 4793 1418 4857 tergui,
1430 4790 1485 4843 MS.
