4517 6425
678 1169 742 1233 110
798 1181 966 1233 sinerent
990 1181 1204 1232 rsnrsrunms
1225 1173 1391 1233 meroem
1410 1181 1608 1234 mesonma

507 1360 815 1425 A.1).1aot.ecolesiis
838 1360 1080 1446 parochialibus
1102 1364 1138 1425 et
1159 1359 1238 1425 locis
1267 1360 1350 1437 aliis,
1374 1360 1432 1425 ubi
1459 1360 1574 1448 populi
1595 1381 1748 1448 congre.

673 1463 859 1550 gabantur3
891 1463 1025 1528 edentes
1056 1467 1091 1528 et
1121 1462 1273 1528 bibentes
1305 1485 1380 1549 quae
1413 1464 1503 1550 apud
1534 1486 1589 1529 eos
1621 1460 1725 1545 erant,

673 1564 758 1631 nihil
779 1566 843 1631 sibi
864 1567 954 1631 ultra
972 1573 1104 1632 noctem
1126 1571 1339 1647 reservantes,
1349 1567 1451 1653 juxta
1472 1567 1566 1647 illud
1583 1574 1601 1603 “
1612 1566 1747 1640 Nolite.
1768 1558 1771 1561 ⁴

673 1693 742 1735 esse
776 1669 957 1747 solliciti,’'1
994 1676 1073 1750 etc.;
1105 1670 1208 1736 libros
1245 1671 1401 1737 continue
1446 1693 1532 1753 suos,
1571 1672 1745 1740 videlicet.

673 1774 882 1853 Bibliotecas,
912 1774 949 1839 in
978 1774 1093 1839 forulis
1115 1797 1137 1839 a
1163 1774 1245 1840 collo
1276 1774 1500 1861 dependentes
1529 1775 1746 1860 bajulantes..

672 1877 818 1942 Tandem
840 1878 943 1943 scolas
961 1878 1217 1957 aedificaverunt,
1232 1878 1350 1944 deinde
1372 1878 1485 1944 domos
1507 1883 1542 1945 et
1564 1879 1746 1961 claustra3.

672 1983 789 2059 denuo,
812 1983 1023 2070 magnatibus
1054 1986 1205 2069 sumptus
1235 1981 1433 2048 sufficienter
1462 1984 1746 2051 administranti.

672 2085 744 2164 bus,
758 2086 909 2150 ecclesias
933 2088 968 2153 et
988 2084 1133 2151 officinas
1151 2084 1277 2172 amplae
1295 2090 1329 2151 et
1351 2085 1494 2151 excelsae
1511 2085 1723 2153 fabricarunt.
1737 2135 1748 2159 ,-

674 2188 851 2275 Privilegia
891 2193 925 2254 et
957 2187 1183 2275 indulgentias
1213 2210 1234 2252 a
1264 2211 1391 2253 summo
1430 2190 1587 2276 pontifice
1622 2190 1746 2277 impe.

672 2296 806 2357 trarunt
829 2292 1016 2358 aedificandi
1046 2291 1230 2357 ecclesiolas
1253 2293 1289 2357 in
1314 2293 1463 2373 urbibus,
1486 2294 1580 2359 etin
1603 2294 1745 2359 eisdem.

671 2398 787 2462 missas
809 2395 1004 2474 celebrandi,
1026 2396 1242 2461 consessiones
1265 2395 1376 2477 etiam,
1401 2398 1479 2483 quia
1501 2397 1601 2463 multi
1622 2419 1744 2470 sacen.

672 2500 808 2565 dotibus
841 2499 910 2565 suis
943 2501 979 2565 in
1015 2499 1168 2586 pluribus
1202 2499 1330 2566 casibus
1364 2501 1513 2566 confiteri
1547 2505 1742 2567 renuentes.

671 2603 955 2690 periclitabantur,
988 2601 1177 2689 recipiendi.
1222 2603 1370 2668 Tandem
1408 2604 1512 2669 scolas
1549 2603 1742 2691 theologiae.

670 2708 758 2773 infra
780 2713 872 2794 septa
902 2728 962 2772 sua
992 2706 1241 2784 constituentes,
1265 2706 1413 2794 legentes
1442 2712 1477 2772 et
1506 2707 1743 2793 disputantes.

670 2817 704 2875 et
728 2810 849 2897 populo
873 2810 1099 2896 praedicantes,
1115 2810 1259 2874 fructum
1283 2810 1325 2874 ad
1348 2810 1464 2875 horrea
1487 2810 1621 2889 Christi,
1645 2812 1742 2898 quia.

670 2914 784 2978 messis
806 2912 912 2977 multa
942 2917 977 2977 et
1007 2913 1147 2998 operarii
1177 2913 1274 2999 pauci
1304 2912 1445 2994 fuerant,
1469 2935 1537 2980 non
1558 2914 1742 2981 modicum.

670 3014 902 3102 reportarunt.2

714 3244 765 3310 De
787 3243 972 3310 cessat-ione
995 3241 1197 3308 electionum
1223 3240 1372 3328 episcopi
1395 3241 1626 3310 Norwicensia
1648 3250 1678 3310 et

937 3345 1136 3432 supprioris
1160 3344 1451 3412 depraecantes

500 3490 607 3555 Dispute
715 3478 810 3544 Circa
832 3475 901 3541 dies
924 3474 998 3539 illos
1021 3478 1189 3539 steterunt
1214 3473 1328 3539 Romae
1351 3475 1505 3541 monachi
1524 3475 1721 3552 cantuarie,
1734 3483 1892 3562 Ropwend.

500 3558 637 3689 ffioe‘h‘
668 3587 799 3668 turpem
821 3579 999 3643 admodum
1021 3599 1152 3641 caueam
1175 3577 1218 3641 ad
1248 3577 1389 3642 invicem
1412 3577 1587 3663 agitantes
1633 3578 1721 3644 Nam
1757 3556 1863 3603 ¹¹¹'“‘¹¹‘

499 3693 622 3757 touehing
668 3685 820 3772 quaedem
842 3704 918 3768 pars
941 3703 1053 3745 eorum
1075 3702 1134 3766 per
1156 3679 1269 3745 literas
1291 3686 1474 3747 conventus
1494 3681 1534 3745 de
1549 3685 1623 3745 rato
1638 3703 1721 3767 prae-

499 3762 646 3878 {ligefflg
667 3790 843 3854 sentarunt
866 3786 1006 3849 electum
1029 3782 1261 3869 Reginaldum,
1282 3784 1485 3870 euppriorem
1507 3783 1722 3850 Cantuarien·

499 3895 542 3945 the
553 3896 627 3944 areh-
667 3913 743 3968 sem,
759 3888 940 3954 instantius
955 3886 1169 3972 postulantes,
1185 3891 1225 3950 ut
1241 3888 1312 3971 ejus
1334 3886 1449 3952 electio
1465 3887 1721 3954 confirmaretur.

499 3962 626 4078 {ifslffim
667 3993 784 4058 Altera
806 4012 884 4056 vero
906 4011 981 4076 pars
1003 3988 1239 4054 monachorum
1265 4011 1323 4076 per
1346 3988 1482 4054 literas*
1505 3989 1659 4055 similiter
1681 3991 1722 4056 de

499 4097 609 4159 ternnry.
666 4102 739 4160 rato
754 4097 1038 4182 praesentaverunt
1053 4091 1076 4156 J
1078 4091 1249 4169 ohannem,
1266 4092 1454 4178 episcopum
1465 4091 1500 4156 N
1501 4090 1720 4173 orwicensem,

667 4197 782 4263 multis
811 4194 996 4260 rationibus
1026 4195 1237 4260 ostendentes
1268 4194 1461 4260 electionem
1485 4195 1526 4260 de
1553 4196 1721 4283 supprioro

667 4301 791 4367 nullam
827 4321 905 4378 esse,
936 4304 1008 4363 tum
1042 4299 1120 4382 quia
1152 4298 1240 4363 facta
1271 4297 1336 4363 fuit
1370 4297 1411 4362 de
1446 4304 1542 4364 nocte
1578 4304 1612 4364 et
1648 4300 1719 4365 sine

666 4402 896 4489 solempnitate
926 4406 960 4465 et
990 4421 1122 4465 assensu
1155 4402 1255 4488 regio,
1289 4407 1364 4466 tum
1395 4400 1475 4486 quia
1500 4424 1522 4466 a
1544 4403 1662 4487 majori
1686 4411 1720 4470 et

666 4507 788 4574 saniori
814 4509 908 4592 parte
934 4508 1118 4569 conventus
1144 4527 1212 4570 non
1238 4505 1347 4570 fuerat
1371 4503 1543 4571 celebrata
1590 4505 1719 4594 Sicque,

702 4654 707 4659 .
726 4648 1050 4659 .-----——·——-——-·—-
1066 4649 1188 4656 -..-.-.

701 4724 813 4774 ¹Matth.
825 4723 860 4774 vi.
873 4727 912 4771 31.
1190 4723 1193 4801 ξ
1246 4722 1344 4772 ³Fr0m
1354 4721 1396 4771 the
1406 4721 1719 4786 beginningofthischup-

698 4808 736 4854 ²a
746 4819 853 4854 summo.
866 4838 872 4852 .
885 4839 892 4851 .
906 4840 912 4851 .
924 4801 1093 4866 reportarunt]
1113 4800 1169 4849 The
1190 4822 1193 4887 p
1212 4808 1250 4852 ter
1261 4809 1287 4850 to
1299 4800 1342 4852 the
1352 4803 1434 4852 words
1444 4803 1570 4868 epiecopus
1584 4802 1718 4851 Clceetren·

665 4885 747 4935 whole
767 4884 798 4932 of
817 4882 870 4932 this
890 4881 912 4930 is
931 4879 1033 4929 written
1051 4895 1112 4929 over
1135 4895 1168 4929 uu
1212 4883 1254 4941 sie,
1272 4880 1299 4929 in
1313 4897 1337 4945 p.
1350 4886 1407 4942 113,
1424 4881 1466 4932 the
1481 4881 1557 4930 fuller
1574 4888 1629 4929 text
1642 4882 1673 4930 of
1687 4882 1716 4931 Β.

665 4981 771 5024 erasure,
779 4965 829 5014 und
837 4961 958 5026 copiedin
965 4961 1004 5020 F,
1012 4960 1076 5010 mer
1084 4959 1169 5010 which
1213 4959 1240 5010 C.
1256 4966 1282 5014 is
1294 4960 1411 5011 followed
1428 4962 1462 5026 hy
1479 4960 1508 5010 F.
1521 4959 1660 5021 (edwius,
1676 4977 1717 5026 pp.

665 5047 687 5096 is
707 5045 816 5094 inserted
832 5042 858 5092 in
875 5041 913 5101 F..
926 5041 991 5091 from
1006 5039 1038 5090 B.
1050 5039 1088 5100 0.,
1104 5055 1168 5104 pope
1213 5045 1304 5100 222—3,
1317 5045 1406 5090 224-5.

665 5125 809 5176 Innocent'e
827 5124 901 5173 letter
918 5129 944 5172 tc
960 5120 1040 5181 John,
1059 5119 1168 5185 sending
1244 5117 1365 5186 ⁴literar]
1385 5117 1478 5168 Added
1489 5117 1516 5166 in
1528 5131 1607 5180 marg.

665 5207 720 5256 him
731 5205 787 5254 four
798 5203 870 5266 rings
880 5202 931 5266 (ed
943 5200 1026 5262 wate,
1038 5216 1061 5265 p.
1075 5201 1138 5263 223)
1188 5254 1190 5263 ¹
