4517 6425
644 1143 710 1217 470
776 1157 940 1211 narrum
962 1156 1176 1207 remansere
1198 1149 1362 1205 maroam
1382 1150 1582 1205 arenosum

476 1343 546 1399 AD.
561 1349 632 1398 rasa.
646 1337 736 1424 quod
758 1337 859 1403 talem
882 1335 946 1402 sibi
967 1356 1088 1424 papam
1110 1332 1323 1421 providerent
1346 1337 1380 1400 et
1401 1334 1560 1409 crearent,
1575 1327 1634 1415 qui
1656 1326 1693 1391 in

644 1442 736 1507 nullo
769 1440 876 1507 cidem
906 1439 1047 1517 rebellis,
1070 1438 1145 1526 paci
1177 1436 1323 1525 profecto
1356 1433 1455 1501 sane¹
1483 1432 1693 1500 consentiret.

646 1544 776 1626 Quibus
805 1542 915 1609 verbis
943 1542 1044 1608 fidem
1066 1540 1229 1607 adhibens
1259 1540 1446 1628 imperator,
1470 1557 1584 1605 omnes
1612 1555 1695 1624 prae·

644 1649 732 1715 latos
754 1647 972 1714 incarceratos
989 1645 1093 1733 jussit
1113 1644 1257 1711 liberari.

693 1895 859 1969 Firmato
885 1907 969 1969 caat
991 1905 1118 1987 treugae
1144 1893 1238 2071 apmtqr
1263 1920 1354 1988 repca
1376 1896 1597 1967 Francorum
1620 1901 1649 1965 ct

1064 2004 1148 2090 Alae
1228 2026 1271 2071 m.

493 2171 620 2240 aaApril.
689 2159 753 2225 Die
775 2183 853 2227 vero
875 2162 982 2228 sancti
1006 2163 1136 2251 Georgii
1170 2169 1296 2249 treugae
1323 2161 1511 2249 praelocutae
1533 2164 1569 2224 et
1591 2162 1696 2244 captae

476 2252 633 2371 mm·
644 2259 734 2327 inter
765 2263 967 2330 Francorum
1001 2271 1037 2331 et
1067 2266 1255 2353 Anglorum
1290 2285 1392 2351 reges,
1416 2260 1696 2329 intermeantibus

476 2387 590 2438 betvoen
643 2364 725 2430 viris
747 2366 904 2453 gravibus
919 2372 955 2432 et
977 2369 1165 2446 autenticis,
1181 2373 1262 2433 sunt
1277 2368 1505 2453 quinquennes
1519 2363 1696 2449 utrobique

475 2452 632 2586 ffiffiff
642 2468 871 2551 confirmatae3
908 2477 1100 2538 remanente
1130 2476 1245 2537 tamen
1278 2470 1351 2558 regi
1385 2468 1588 2535 Francorum
1621 2471 1694 2532 toto

455 2561 460 2584 ⁶
475 2596 621 2651 Theseum
642 2578 833 2658 conquestu,
848 2594 946 2659 quem
960 2573 998 2639 in
1012 2574 1072 2639 illa
1094 2574 1307 2662 expeditione
1329 2572 1539 2660 adquisierat.
1579 2571 1696 2637 Comes

474 2665 615 2718 “ffflm·
641 2681 754 2742 autem
786 2673 979 2754 Britanniae,
1010 2679 1065 2742 vir
1098 2678 1285 2758 cavillosus,
1318 2676 1529 2742 dissimulans
1564 2695 1599 2740 se
1634 2672 1697 2739 hoe

473 2739 593 2863 dle?
641 2780 730 2857 scire,
750 2800 839 2845 more
861 2779 1001 2866 piratico
1023 2780 1060 2845 in
1082 2782 1169 2846 mari
1193 2780 1314 2868 praedis
1337 2780 1486 2846 intendit
1506 2784 1540 2845 et
1562 2776 1696 2865 rapinis.

642 2879 715 2948 Rex
736 2881 843 2970 igitur
865 2881 1076 2963 Francorum,
1101 2883 1146 2949 ad
1168 2884 1367 2971 petitionem
1392 2882 1480 2970 regis
1501 2880 1695 2968 Anglorum

639 2984 814 3070 injuriosos
850 2985 994 3072 impetus
1031 2987 1113 3053 dicti
1151 2987 1282 3053 comitis
1323 2986 1387 3053 sub
1424 2984 1697 3053 interminatione

641 3087 907 3156 exheredationis
928 3090 1102 3178 imperiose
1124 3090 1329 3158 refrenavit.

646 3345 858 3415 Uaivcraitas
877 3344 1093 3416 Froaaeoaaaa
1124 3371 1204 3416 cam
1236 3348 1312 3436 a’pao
1345 3369 1417 3434 repe
1445 3345 1634 3435 persuadet,
1657 3353 1697 3413 at

717 3451 911 3520 oardtaalea
927 3475 1063 3541 papum
1083 3452 1223 3520 aelate
1241 3450 1454 3539 providendo
1476 3449 1614 3537 eligant.

473 3619 530 3675 'l'he
686 3611 749 3677 Per
769 3611 858 3678 idem
879 3615 1011 3701 tempus
1042 3633 1102 3678 rex
1133 3615 1167 3678 et
1200 3609 1349 3678 Franeiae
1380 3608 1579 3676 universitas
1602 3606 1697 3674 mise·

472 3690 573 3810 fflffih
635 3721 719 3788 ¹runt
741 3715 935 3803 sollempnes
958 3715 1095 3782 nuncios
1121 3716 1166 3781 ad
1196 3717 1322 3781 curiam
1345 3715 1538 3794 Romanam,
1561 3713 1697 3800 praeclfle

471 3824 615 3877 miuionto
640 3823 675 3883 et
696 3818 869 3886 efficaciter
889 3818 1125 3908 persuadendo,
1142 3825 1181 3884 ut
1204 3819 1268 3906 ipsi
1292 3817 1474 3884 cardinales
1496 3839 1616 3906 papam
1631 3816 1697 3882 rite

473 3890 600 4024 ussqqqtp
640 3923 899 4001 constituentes,²
935 3922 1117 3989 universali
1155 3922 1298 3989 ecclesias
1337 3920 1493 3988 solatium
1533 3920 1696 4008 pastorale

471 4024 623 4080 0100110110!
640 4025 803 4090 maturius
824 4023 1039 4112 providentes
1069 4025 1237 4113 eligerent,
1263 4046 1306 4091 ne
1340 4024 1464 4090 vitium
1501 4023 1639 4089 invidiae
1661 4028 1697 4089 et

472 4106 571 4158 ‘W‘
640 4124 779 4194 scisma⁸
805 4145 918 4192 eorum
952 4129 997 4196 sit
1028 4151 1126 4195 causa
1159 4129 1265 4194 ruinae
1292 4126 1398 4194 totius
1432 4125 1696 4194 Christianitatis

641 4234 676 4296 et
698 4223 905 4318 corruptela3
929 4231 983 4297 vel
1004 4231 1069 4319 ipsi
1092 4231 1222 4313 Franci,
1248 4230 1434 4318 [propter]l
1458 4229 1696 4318 negligentiam

641 4352 764 4412 eorum,
780 4329 821 4399 de
843 4331 907 4399 sibi
929 4333 1080 4422 eligendo
1102 4340 1137 4400 et
1159 4333 1364 4423 providendo
1387 4351 1515 4399 summo
1538 4330 1695 4419 pontifice

640 4437 726 4504 citra
746 4440 885 4516 montes,
908 4436 961 4504 cui
983 4437 1020 4503 in
1042 4437 1186 4503 Domino
1209 4437 1342 4504 Christo
1365 4434 1522 4503 obedire⁶
1544 4441 1696 4502 teneren-

641 4545 707 4621 tur,
724 4540 943 4628 quantocius⁶
964 4544 1216 4608 contrectarent.
1263 4541 1310 4606 Et
1331 4540 1392 4606 hoc
1414 4539 1572 4606 audacter
1593 4540 1696 4627 signi-

674 4782 773 4849 ¹saae]
810 4781 958 4843 Interdum,
986 4782 1037 4833 aad
1064 4787 1141 4848 eppa·
1216 4781 1345 4848 ἐοίωια]
1365 4779 1522 4844 cismatis»

639 4863 723 4929 rently
734 4863 908 4927 superfluum
926 4876 975 4913 orn.
987 4863 1017 4913 Ε.
1218 4863 1226 4891 ⁴
1240 4861 1353 4929 propter]
1362 4860 1551 4928 suppliecfrom
1558 4856 1586 4914 C.
1596 4862 1689 4915 Ona.

671 4943 878 5009 ²eonstitueata]
910 4940 966 4992 The
990 4941 1046 4991 first
1068 4939 1140 4991 three
1217 4940 1351 5006 ‘obeam
1371 4943 1481 5004 obidere,
1493 4941 1549 4993 MS.

636 5022 756 5087 syllables
783 5036 827 5073 are
855 5036 888 5075 on
910 5037 943 5074 an
965 5034 1073 5072 ausura
1107 5021 1139 5071 In
1216 5021 1400 5086 “quantociuq
1421 5021 1477 5072 The
1494 5020 1543 5072 last
1563 5029 1614 5074 two
1632 5021 1686 5089 syl·

635 5101 667 5153 B.
680 5100 838 5168 Caliacum.
1183 5098 1469 5153 labiosareinterlinsd
