4517 6425
717 1184 765 1233 nn
786 1183 947 1234 rnrronr
970 1183 1072 1235 naurs
1093 1183 1250 1249 nnunrcr,
1273 1185 1340 1237 viz.
1362 1185 1487 1236 rusrn
1563 1165 1629 1239 407

575 1356 872 1423 Autissiodorensis
896 1358 997 1439 Petri,
1024 1358 1180 1424 venitin
1206 1358 1374 1446 Angliam,
1407 1359 1563 1446 expulsus
1594 1359 1712 1423 etan.
1726 1376 1798 1425 123&

575 1461 775 1546 proscriptus
798 1462 840 1525 ab
873 1461 1019 1548 imperio,
1044 1462 1207 1527 auxilinm
1222 1462 1252 1526 'a
1274 1484 1359 1549 rege,
1374 1464 1467 1549 cnjus
1494 1484 1528 1527 se
1548 1461 1629 1526 fece·

575 1570 630 1627 rat
644 1565 937 1651 consanguineum,
962 1566 1138 1651 pecuniata
1160 1566 1346 1652 petiturus,
1375 1587 1435 1631 nec
1458 1585 1532 1653 spes
1556 1564 1627 1650 ejus

575 1665 694 1732 effectu
719 1667 951 1733 frustrabatur.
1008 1668 1151 1733 Etcum
1173 1689 1232 1754 per
1259 1667 1433 1733 Franciam
1455 1672 1624 1748 remearet,
1636 1665 1746 1718 Hesus

489 1814 491 1818 ψ
574 1790 633 1832 rex
664 1769 869 1835 Francorum
899 1792 968 1835 non
997 1771 1047 1836 ita
1072 1768 1277 1835 liberaliter¹
1313 1771 1420 1836 eidem
1449 1769 1623 1858 pecuniam
1635 1735 1781 1867 {gffJulss'Z

575 1870 773 1938 effundendo
796 1873 977 1952 distribuit,
991 1874 1093 1938 immo
1115 1872 1159 1937 ab
1181 1873 1252 1959 ipso
1275 1892 1335 1960 pro
1358 1878 1448 1940 certa
1476 1871 1624 1960 pecuniae
1635 1869 1754 1986 fflgss
1765 1869 1795 1920 of

574 1996 702 2040 summa
722 1976 878 2063 reliquias
894 1975 1140 2063 impmtiabiles,
1155 1975 1280 2041 scilicet
1296 1975 1437 2042 Crucem
1458 1976 1624 2053 Sanctam,
1735 1974 1741 1986 '

575 2100 650 2142 cum
666 2079 796 2146 Corona
818 2080 942 2146 Sancta
957 2086 992 2144 et
1014 2079 1213 2166 quibusdam
1229 2078 1358 2165 [aliis],⁹
1380 2079 1519 2144 feliciter
1540 2100 1626 2143 com·

576 2183 731 2268 paravit.³

576 2436 627 2503 De
649 2436 824 2505 discordia
846 2445 939 2505 moto
965 2438 1059 2505 iuter
1087 2436 1238 2524 legatam
1259 2446 1290 2504 ct
1311 2438 1454 2506 scolares
1476 2439 1626 2508 Oroatae.
1666 2497 1669 2516 ,

620 2592 712 2658 Tunc
733 2614 811 2658 vero
834 2593 990 2679 temporis
1011 2592 1141 2680 legatus
1164 2592 1328 2658 Oxoniam
1349 2593 1493 2672 veniens,
1515 2593 1624 2680 hospi·
1637 2600 1800 2665 uumerus

574 2699 666 2760 tatus
689 2702 739 2761 est
761 2697 797 2761 in
819 2696 916 2761 domo
931 2697 1063 2763 Osenec.
1109 2696 1254 2762 Scolares
1268 2717 1348 2762 vero
1363 2696 1470 2762 eidem
1490 2699 1625 2762 xenium
1636 2672 1782 2801 ffgffi}

575 2801 765 2865 honorabile
802 2801 837 2864 in
874 2799 1050 2866 esculentis
1087 2805 1121 2865 et
1158 2798 1342 2886 poculentis
1380 2804 1458 2865 anta
1496 2806 1627 2888 tempus
1638 2803 1800 2857 mesenum

576 2904 706 2992 prandii
736 2903 1012 2984 transmiserunt3
1045 2907 1089 2981 et,
1120 2907 1197 2989 post
1229 2903 1415 2989 prandium,
1448 2905 1487 2968 ut
1518 2904 1628 2990 ipsum

575 3013 762 3073 reverenter
793 3007 975 3072 salutantes
1009 3005 1194 3083 visitarent,
1232 3006 1275 3070 ad
1312 3005 1494 3093 hospitium
1533 3029 1631 3072 suum

577 3114 808 3197 pervenerunt.
856 3109 983 3189 Quibus
1009 3107 1137 3195 janitor
1159 3107 1295 3193 quidam
1320 3108 1554 3197 Transalpinas
1575 3133 1634 3197 pa-

1641 2870 1671 2921 of
1679 2870 1785 2924 Oxford

577 3236 651 3277 rum
674 3213 798 3279 facetus
821 3211 1017 3291 convicians,
1038 3210 1216 3277 introitum
1239 3210 1419 3297 procaciter
1433 3211 1633 3299 denegavit3

578 3315 634 3379 sed
656 3316 765 3380 clerici
786 3315 1007 3401 indignantes,
1031 3318 1106 3399 post
1137 3312 1290 3400 quadam
1317 3314 1429 3401 jurgia
1450 3316 1634 3401 impetuose

577 3419 797 3483 intravenmt.
848 3417 947 3483 Unus
977 3421 1089 3482 autem
1122 3417 1297 3482 scolarium
1330 3416 1453 3483 timens
1486 3440 1529 3484 ne
1558 3424 1634 3505 post

574 3520 688 3605 jurgia
718 3519 830 3604 pejora
862 3523 1085 3604 sequerentur,
1118 3518 1162 3584 ad
1192 3517 1377 3605 hospitium
1408 3541 1513 3597 suum,
1543 3522 1633 3607 quod

578 3645 679 3709 prope
701 3629 782 3700 erat,
804 3627 845 3686 ut
866 3642 978 3685 arcum
1001 3642 1076 3685 cum
1098 3620 1233 3707 sagittis
1256 3621 1427 3707 arriperet,
1450 3621 1631 3689 festinavit.

580 3727 625 3790 Et
648 3748 722 3790 cum
744 3724 875 3801 rediret,
897 3728 971 3788 orta
997 3723 1070 3809 jam
1101 3722 1273 3802 discordia,
1295 3722 1455 3808 magister
1481 3745 1632 3790 cocorum

578 3829 731 3894 broidum
747 3827 787 3891 de
807 3827 956 3891 fervente
977 3825 1084 3890 lebete
1106 3825 1144 3889 in
1166 3825 1332 3911 sartagine
1354 3824 1511 3890 haustum
1534 3850 1632 3915 super

579 3932 732 3997 clericum
755 3929 918 4016 quendam
940 3928 1089 4014 aspersit,
1112 3932 1147 3992 et
1177 3949 1220 3992 ex
1252 3926 1396 3992 ferventi
1429 3929 1631 4016 pinguedine

579 4036 757 4101 enormiter
789 4032 884 4098 laesit.
941 4031 1101 4096 Excitato
1123 4031 1228 4117 igitur
1249 4029 1399 4111 clamore,
1423 4031 1630 4099 architenens

579 4143 776 4204 memoratus
798 4135 891 4200 misit
913 4133 1071 4221 sagittam
1093 4134 1130 4198 in
1152 4133 1261 4219 ipsum
1283 4153 1404 4213 cocum,
1427 4154 1543 4221 corpus
1558 4137 1630 4223 ejus

580 4237 884 4306 transverberando.
939 4237 1021 4303 Erat
1054 4240 1166 4301 autem
1199 4234 1254 4301 ille
1288 4257 1438 4301 cocorum
1471 4258 1628 4319 summus,

579 4344 637 4431 qui
665 4345 736 4430 jam
771 4341 946 4428 expiravit,
979 4340 1081 4406 frater
1111 4338 1223 4426 legati,
1254 4342 1289 4403 et
1320 4339 1428 4426 ipsum
1450 4340 1501 4404 illi
1523 4341 1628 4406 officio

579 4447 777 4536 praefecerat,
800 4468 841 4509 ne
863 4443 948 4509 forte
969 4442 1209 4510 intoxicaretur
1239 4441 1308 4528 ipse
1330 4442 1466 4530 legatus.
1513 4443 1629 4509 Multi-

580 4552 702 4638 plicato
724 4547 829 4634 igitur
851 4547 1010 4625 tumultu,
1032 4547 1164 4634 legatus
1183 4545 1406 4612 vehementer
1421 4547 1628 4633 perterritus,

580 4659 749 4738 assumpta
770 4673 851 4736 capa
880 4648 1070 4730 canonicali,
1102 4648 1222 4714 turrim
1254 4649 1410 4726 ascendit,
1443 4655 1483 4714 ut
1512 4650 1628 4714 saltem

613 4907 619 4935 ¹
638 4901 783 4966 liberaliter]
798 4901 838 4949 On
850 4915 882 4949 an
893 4914 1000 4949 erasure.
1159 4901 1169 4928 ¹
1184 4896 1277 4948 scilicet
1293 4934 1319 4949 ..
1336 4933 1343 4949 .
1360 4898 1522 4965 conparavit]
1536 4899 1629 4952 Added

612 4987 623 5013 '-'
639 4981 710 5047 aliis]
731 4980 852 5045 supplied
862 4986 889 5029 to
899 4978 1021 5043 completo
1038 4977 1081 5028 the
1126 4977 1154 5027 in
1165 4993 1244 5043 marg.

580 5080 658 5115 senso.
