4517 6425
567 1171 570 1183 ·
646 1164 711 1228 112
771 1176 937 1228 nemrim
961 1177 1172 1228 rrnrsrsusrs
1197 1177 1362 1229 nrsronm
1385 1179 1583 1231 Auononuu.

476 1355 782 1430 A,n,1‹,›07,electum
806 1360 1022 1421 memoratum
1040 1355 1315 1445 archiepiscopum
1341 1358 1565 1446 sollempniter
1586 1358 1715 1447 palam.

644 1460 938 1547 proclamaverunt.

720 1753 844 1821 Lites-ce
867 1751 1101 1820 remeando
1122 1752 1196 1839 cepi
1219 1752 1381 1821 Jolronni
1403 1754 1619 1840 diripientur.

475 1924 630 1989 Popelnno-
688 1903 766 1970 Hiis
788 1906 838 1970 ita
860 1905 972 1992 gestis,
988 1926 1074 1992 pepe
1097 1904 1311 1969 Innocentius
1335 1904 1400 1970 III.
1423 1907 1492 1991 regi
1509 1906 1693 1993 Anglorurn
1707 1921 1866 1986 Ropwend.

475 1992 754 2109 ffiffiiffliteras
778 2008 910 2081 direxit,
939 2008 1125 2094 supplicam
1157 2009 1275 2073 devote
1306 2015 1347 2074 ut
1378 2010 1574 2095 magistrum
1607 2009 1696 2095 spe·
1732 1990 1769 2038 iii.
1783 1994 1839 2040 ²¹³·

474 2125 623 2178 hisnvour.
643 2109 804 2197 phanum]
829 2110 869 2176 de
894 2110 1098 2197 Langetuna,
1131 2111 1238 2176 sancti
1271 2110 1445 2197 Grisogoni
1477 2112 1693 2199 presbiterum

643 2213 850 2289 cardinalem,
865 2213 1001 2278 natione
1024 2213 1214 2300 Anglicum,
1236 2215 1383 2279 moribus
1405 2219 1440 2279 et
1455 2215 1593 2280 scientia
1612 2237 1713 2302 prae-.

643 2318 792 2395 electum,
808 2315 897 2381 omni
920 2315 1133 2382 cavillatione
1151 2318 1299 2403 seposita,
1316 2317 1360 2381 ad
1381 2317 1715 2404 archiepiscopatum.

644 2418 915 2485 cantuariensem
938 2419 1002 2483 rite
1017 2418 1168 2500 electum,
1191 2420 1333 2506 benigne
1355 2419 1541 2506 arisciperet.
1588 2420 1694 2485 Priori
1724 2431 1767 2481 rol.
1780 2436 1845 2482 eoa.

642 2544 772 2609 quoque
795 2527 830 2587 et
861 2522 1030 2587 monachis
1062 2522 1356 2588 Cantuariensibus
1389 2544 1449 2609 per
1482 2523 1594 2587 literas
1623 2537 1864 2618 spe-uopwend.

641 2626 739 2690 cioles
761 2630 795 2690 et
827 2624 993 2710 elegantes
1026 2624 1062 2688 in
1085 2625 1211 2690 virtute
1243 2625 1439 2691 obedientiae
1469 2626 1633 2711 precepit,
1656 2633 1695 2691 ut
1740 2608 1776 2659 ⁵⁵¹·
1790 2611 1846 2656 ²¹⁴·

641 2729 920 2814 archiepiscopum
947 2728 1018 2812 jam
1053 2727 1180 2793 dictum
1212 2728 1248 2791 in
1284 2732 1447 2814 pastorem
1485 2729 1695 2814 susciperent,

643 2833 737 2916 eique
760 2831 795 2893 in
819 2829 1055 2916 temporalibus
1077 2830 1177 2894 simul
1200 2836 1234 2896 et
1265 2829 1494 2919 spiritualibus
1527 2830 1696 2898 humiliter

643 2932 822 2998 obedirent.

1035 3163 1114 3228 Ecce
1137 3159 1318 3228 discordia.

475 3339 609 3404 ungerer
690 3316 839 3401 Cumque
862 3315 996 3380 tandem
1019 3313 1125 3380 literae
1160 3313 1285 3378 domini
1316 3335 1409 3400 papae
1432 3313 1475 3378 ad
1505 3313 1591 3399 regis
1625 3314 1694 3378 An·
1707 3325 1862 3390 neewerc

476 3407 601 3471 rheking.
643 3419 772 3507 glorum
795 3418 950 3483 notitiam
973 3416 1212 3502 pervenissent,
1228 3416 1332 3480 iratus
1354 3421 1404 3480 eet
1419 3415 1632 3482 vehementer
1655 3418 1695 3481 de
1733 3408 1768 3443 ¹¹¹·
1781 3399 1836 3442 ²¹⁴·

644 3522 849 3609 promotione
871 3520 1021 3606 magistri
1054 3518 1223 3605 Stephani,
1252 3518 1376 3605 pariter
1407 3523 1441 3584 et
1476 3519 1695 3585 Norwiceneie

643 3625 785 3711 episcopi
810 3624 999 3701 sanatione,
1026 3623 1214 3705 crimenque
1237 3619 1434 3706 proditionis
1460 3622 1496 3685 in
1520 3621 1720 3686 monachos.

644 3727 897 3793 Cantnarienses
919 3724 1091 3791 refundere
1123 3724 1302 3811 satagebat.
1348 3724 1447 3791 Dixit
1478 3725 1573 3801 enim,
1605 3724 1694 3810 quod

642 3832 679 3895 in
701 3829 927 3917 prejudicium
950 3850 1018 3893 sure
1040 3827 1215 3902 libertatis,
1240 3827 1311 3891 sine
1335 3826 1438 3913 ipsius
1462 3828 1595 3892 licentia
1616 3848 1695 3911 sup·

642 3934 784 4022 priorem
806 3954 902 3997 sunm
925 3932 1101 4018 elegerant,
1124 3936 1159 3995 et
1182 3930 1402 4016 postmodum,
1425 3934 1464 3994 ut
1487 3931 1574 4016 quod
1609 3929 1694 3994 male

641 4040 809 4123 gesserant
842 4035 935 4121 quasi
964 4034 1028 4098 sibi
1051 4033 1281 4099 satisfaciendo
1302 4032 1491 4119 pelliarunt,
1523 4032 1694 4119 elegerunt

641 4141 827 4226 episcopum
861 4135 1114 4213 Norwiceneem,
1139 4141 1183 4216 et,
1206 4135 1398 4200 thesaurum
1429 4135 1556 4222 regium
1579 4157 1710 4206 consu.

641 4249 776 4320 mentes
797 4241 841 4305 ad
864 4239 1030 4305 cumulum
1053 4239 1244 4324 iniquitatis
1268 4260 1335 4303 eure
1359 4236 1565 4325 Stephanum
1588 4240 1693 4327 elege-

640 4350 728 4421 runt,
744 4344 912 4409 inimicum
936 4343 1028 4428 regni
1050 4341 1180 4427 Angliee
1202 4340 1390 4428 publicum3
1413 4340 1471 4427 qui
1494 4343 1553 4406 (liu
1573 4343 1717 4430 degens..

641 4447 787 4513 Parisius
811 4452 846 4512 et
871 4445 992 4532 legens,
1009 4444 1081 4531 regi
1105 4444 1309 4509 Francorum
1333 4446 1713 4534 e1·atetestfamilia-·

639 4550 794 4626 rissimns,
818 4549 983 4633 talemque
1017 4547 1164 4611 fecerunt
1194 4547 1231 4611 in
1264 4567 1365 4633 regno
1391 4549 1568 4614 secundum
1592 4556 1626 4616 et
1658 4551 1711 4614 in·

639 4652 914 4741 archiepiscopum
939 4649 1208 4715 Cantuariensem
1230 4649 1418 4715 consecrari.
