4517 6425
691 1246 693 1249 Α
737 1204 784 1253 nr
805 1204 966 1254 murone
988 1204 1089 1253 umus
1111 1204 1268 1270 usurum,
1291 1165 1358 1252 im.
1381 1203 1503 1253 rmum
1582 1189 1647 1254 399

661 1523 713 1590 De
735 1522 886 1610 quodum
907 1522 1064 1609 desoluto
1087 1521 1170 1589 tello
1191 1521 1285 1589 inter
1308 1519 1520 1609 Templorios
1541 1527 1572 1586 el
1661 1526 1729 1577 Am.
1744 1529 1817 1577 1237.

1015 1627 1230 1695 Sumocerros.

641 1788 737 1854 Circa
760 1788 850 1853 idem
872 1792 1004 1874 tempus
1026 1786 1214 1872 Templurii,
1231 1784 1488 1873 Hospitslariis¹
1513 1786 1646 1870 quibus·
1660 1796 1795 1846 Baulebe-

595 1890 672 1955 dam
694 1886 955 1966 comitantibus,²
977 1893 1185 1953 conserentes
1206 1888 1330 1953 bellum
1352 1909 1428 1952 cum
1451 1863 1795 1995 sarracenisffp'gjgsssslg

594 1994 652 2078 qui
690 1994 734 2057 ad
772 1990 1012 2077 subjectionem
1047 1989 1186 2056 Soldani
1225 1990 1423 2075 Halapensis
1466 1991 1646 2077 pertinent,
1660 1997 1795 2047 anostra-

596 2095 685 2181 apud
708 2099 854 2159 castrum
877 2094 967 2179 quod
998 2092 1155 2159 Guascun
1188 2091 1398 2180 appellatur,3
1432 2094 1493 2158 sub
1526 2094 1648 2159 ducatu
1660 2064 1805 2179 fflghinth,

598 2198 809 2284 praeceptoris
839 2196 1060 2274 Anthiochiae,
1085 2195 1275 2282 W[illelmi]
1300 2196 1341 2260 de
1364 2193 1479 2260 Monte
1502 2196 1649 2274 Ferrato,
1659 2196 1753 2246 former
1765 2212 1806 2247 πθ

597 2300 678 2365 victi
702 2304 788 2365 sunt.
835 2299 882 2365 Et
911 2298 1100 2364 ceciderunt
1122 2300 1160 2363 in
1185 2298 1340 2363 conflictu
1370 2298 1428 2362 illo
1450 2298 1524 2383 plus
1548 2321 1647 2385 quam
1660 2263 1782 2316 defeauu

597 2407 730 2466 centum
752 2401 876 2466 milites
899 2402 1036 2488 Templi,
1059 2407 1094 2466 et
1116 2401 1258 2466 trecenti
1281 2401 1539 2479 arcubalastarii,
1562 2403 1650 2490 elap-

599 2505 644 2568 sis
666 2504 740 2567 eliis
763 2509 798 2569 et
821 2509 936 2570 contra
961 2502 1113 2568 ordinem
1144 2524 1258 2568 eorum
1287 2507 1382 2590 terga
1404 2503 1578 2584 dantibus3
1609 2505 1648 2571 dc

598 2606 713 2671 Turcis
744 2628 822 2671 vero
856 2606 925 2672 tria
957 2605 1060 2683 milia,
1092 2605 1182 2692 quod
1219 2610 1332 2670 tamen
1370 2609 1505 2691 propter
1538 2627 1650 2671 eorum

600 2707 848 2773 multitudinem
871 2710 931 2773 vix
960 2708 1124 2796 apparuit.
1171 2706 1299 2774 Cecidit
1328 2713 1440 2772 autem
1463 2708 1500 2772 in
1521 2707 1579 2773 illo
1601 2708 1651 2773 in·
1663 2729 1777 2795 Bravery
1789 2732 1818 2781 of

598 2810 708 2876 fausto
731 2811 913 2876 certamine
943 2810 1085 2876 illustris
1117 2810 1213 2876 miles
1243 2809 1457 2896 Templarius
1489 2809 1649 2898 Anglicus
1663 2796 1806 2930 {istm

597 2913 744 2995 natione,
768 2913 974 3000 Reginaldus
992 2914 1034 2980 de
1053 2911 1282 3000 Argentomio,
1303 2914 1356 2978 cui
1378 2913 1437 2977 illa
1459 2913 1513 2979 die
1535 2936 1651 2981 cruen-
1663 2937 1717 2982 ton.

598 3016 728 3081 tissima
756 3017 966 3081 commissum
995 3015 1069 3092 fuit,
1094 3018 1229 3104 propter
1258 3015 1329 3101 ejus
1352 3016 1553 3103 singularem
1576 3041 1651 3105 pro-

599 3118 751 3196 bitatem,
781 3118 943 3184 vexillum
976 3118 1190 3184 deferendum
1220 3118 1309 3203 quod
1343 3118 1466 3184 dicitur
1498 3120 1652 3187 Baccara.

601 3221 698 3301 Quod
728 3221 911 3287 indefessus
940 3220 1096 3287 alacriter
1125 3222 1293 3298 sustinuit,
1315 3222 1428 3301 donec,
1452 3244 1537 3308 equo
1563 3246 1654 3290 ener-

601 3329 680 3388 vato
703 3328 737 3388 et
756 3322 898 3388 brachiis
918 3323 1078 3403 abscisis,⁴
1095 3323 1277 3410 multisque
1298 3324 1373 3388 aliis
1393 3324 1562 3392 confossus
1582 3328 1657 3391 vul-

567 3461 575 3474 ·
601 3425 745 3503 neribus,
769 3425 933 3511 sanguine
956 3426 1079 3490 corruit
1100 3425 1255 3511 eliquato,
1279 3426 1382 3491 etsie
1405 3427 1476 3492 Deo
1499 3428 1655 3515 spiritum

575 3589 577 3594 .
603 3526 850 3592 commendavit
859 3526 871 3607 ;’
893 3526 935 3592 de
967 3526 1119 3592 hostibus
1153 3532 1266 3592 tamen
1299 3551 1359 3614 per
1391 3550 1529 3593 manum
1559 3529 1656 3614 ejus⁸

602 3630 732 3693 circiter
763 3628 927 3692 sexdecim
957 3629 1001 3693 ad
1028 3629 1167 3694 Tartara
1197 3630 1382 3695 destinatio.
1430 3631 1513 3697 Haec
1539 3637 1652 3697 autem

602 3731 681 3796 belli
703 3731 889 3817 congressio
911 3730 1000 3795 facta
1022 3729 1088 3797 fuit
1112 3753 1223 3797 mense
1245 3732 1358 3798 Junio.
1403 3732 1458 3797 Ad
1481 3755 1581 3818 quam
1604 3734 1654 3797 in·
1667 3749 1817 3813 Thasoue,

597 3833 723 3919 juriam
745 3838 780 3898 et
797 3833 962 3918 jacturam
989 3831 1226 3898 vindicandam
1248 3833 1368 3899 missus
1390 3840 1441 3900 est
1463 3835 1506 3899 ab
1528 3835 1653 3924 Anglia
1666 3817 1825 3881 Pfi⁰¹⁰fth⁰
1948 3864 1952 3871 ·

1666 3885 1791 3949 Hospital,
1803 3888 1825 3935 is

603 3936 833 4016 Theodoricusr,
864 3936 954 4022 prior
986 3935 1181 4023 Hospitalis,
1216 3959 1290 4002 cum
1324 3960 1446 4025 magna
1472 3938 1593 4004 militia
1619 3947 1794 4007 etsentvith

602 4040 766 4116 thesauro,
790 4039 869 4125 quia
891 4039 928 4103 in
954 4039 1110 4104 conflictu
1133 4046 1315 4105 memorato
1338 4041 1438 4107 multi
1467 4047 1538 4106 tam
1565 4019 1827 4139 Hos-{flreff⁸ae⁶¹s'is,‚

471 4138 477 4151 '
604 4142 749 4229 pitularii
783 4164 883 4227 quam
912 4141 1091 4228 Templmii
1122 4142 1317 4209 ceciderunt.
1364 4142 1537 4232 Templum
1571 4168 1651 4233 quo·
1665 4168 1734 4204 ance-

523 4275 525 4279 ·
605 4243 693 4329 que⁶
719 4265 929 4331 quascunque
960 4244 1074 4331 potuit
1103 4245 1192 4310 vires
1226 4240 1360 4326 effudit,
1384 4252 1425 4312 ut
1456 4249 1651 4336 sanguinem

605 4347 789 4412 fraternum
810 4353 967 4435 potenter
988 4347 1182 4416 vindicaret.

640 4681 648 4710 ¹
667 4677 862 4747 Hospitoluriis]
877 4680 1040 4746 Hospitalis,
1051 4683 1107 4736 MS.
1186 4685 1197 4716 ⁸
1213 4684 1364 4753 appellatur]
1378 4686 1508 4753 apellatur,
1520 4685 1577 4738 MS.

609 4759 744 4811 cmm
755 4760 819 4811 Μ
830 4761 861 4811 Ε·
1047 4767 1049 4770 ’
1187 4782 1197 4811 ⁴
1213 4780 1330 4848 abscisis]
1344 4782 1444 4844 abcisis,
1455 4781 1512 4834 ΜΒ.

640 4837 811 4903 ²qaibasdum
821 4839 1003 4907 comitantibus]
1016 4841 1110 4893 Added
1187 4873 1279 4940 seim]
1293 4874 1440 4924 Interlined·

609 4919 671 4969 with
689 4919 733 4968 the
749 4919 885 4984 preceding
894 4921 965 4970 word
976 4921 1056 4972 above
1066 4922 1110 4972 the
1187 4971 1198 4999 ο
1435 4971 1441 4983 ,

610 4999 671 5048 line.
1213 4971 1317 5037 qaoque]
1330 4970 1556 5038 Addedmmarg.
