4517 6425
650 1224 698 1276 nn
719 1224 881 1277 murore
903 1224 1006 1277 nnsis
1029 1224 1187 1293 rimarer,
1210 1226 1279 1279 vrz.
1302 1227 1426 1279 rmrn.
1497 1214 1562 1279 435

565 1559 692 1628 Eautrt
713 1558 1212 1732 mellumlssoglwm
1236 1558 1509 1650 archiepiscopus
1574 1578 1643 1636 nn.
1658 1588 1733 1639 1240.

985 1686 1021 1732 ru
1098 1686 1149 1735 aa.

552 1842 678 1909 Diebus
700 1863 830 1929 quoque
852 1841 913 1908 sub
947 1840 1070 1907 eisdem
1101 1840 1361 1930 archiepiscopus
1384 1840 1560 1909 cantuari·
1572 1850 1691 1917 Theabp.
1700 1854 1733 1905 of

506 1948 593 2012 ensis
627 1946 836 2012 AEdmundus
867 1944 1067 2032 comperiens
1100 1966 1135 2010 se
1165 1945 1202 2010 in
1231 1944 1293 2010 bac
1314 1946 1558 2014 contributione
1570 1917 1730 2038 icffiebtssfff'

507 2051 686 2116 enormiter
725 2054 911 2137 gravatum,
949 2047 1161 2136 marcusquel
1200 2048 1407 2136 octingentas
1445 2051 1559 2117 dolens
1572 2059 1599 2102 at
1610 2053 1654 2103 the

507 2154 640 2220 domino
670 2176 766 2241 papas
800 2174 997 2233 numerasse,
1021 2175 1096 2219 oum
1129 2152 1268 2218 vidisset
1298 2153 1466 2219 ecelesiam
1489 2121 1729 2253 Ari-blffglsslll‘

506 2258 670 2345 glioanam
693 2257 813 2323 diatim
835 2257 941 2345 magis
962 2279 1001 2322 ao
1022 2257 1128 2343 magis
1150 2256 1340 2337 conculcari,
1364 2257 1459 2323 bonis
1476 2262 1560 2323 tem-
1573 2254 1677 2308 &mle

505 2361 674 2449 poralibus
689 2360 894 2439 destitutam,
917 2382 956 2425 ao
977 2359 1126 2448 pristinis
1149 2359 1361 2425 libertatibus
1382 2360 1562 2448 spirituali-

506 2462 568 2529 bus
606 2463 790 2550 spoliatam,
829 2462 966 2529 affectus
1004 2467 1055 2528 est
1093 2460 1196 2529 taedio
1233 2461 1321 2549 quod
1358 2461 1489 2530 viveret
1526 2470 1561 2530 et

506 2565 638 2633 videret
658 2565 748 2631 mala
768 2568 879 2653 gentis
909 2587 978 2632 suae
1010 2586 1109 2653 super
1141 2570 1274 2632 terram.
1318 2564 1560 2653 Increpansque

505 2690 625 2758 regem,
648 2668 737 2757 qnod
759 2669 842 2735 talia
863 2668 1030 2747 toleraret,
1064 2668 1115 2734 nil
1141 2667 1206 2735 nisi
1237 2668 1435 2736 dilationum
1457 2670 1561 2737 verba

505 2773 710 2861 reportavit3
732 2774 912 2839 admonens
934 2772 1091 2860 legatum,
1113 2772 1199 2838 nihil
1227 2772 1292 2838 nisi
1314 2793 1434 2840 sannas
1455 2772 1498 2839 ab
1521 2796 1560 2840 eo

506 2881 540 2943 et
564 2874 722 2942 Romanis
744 2876 812 2942 suis
846 2876 979 2964 recepit,
1003 2881 1046 2955 et,
1067 2874 1156 2963 quod
1178 2877 1284 2965 magis
1306 2898 1382 2943 eum
1405 2877 1559 2965 angebat,

505 2981 739 3047 auctoritatem
761 3001 864 3058 suam,
886 2980 924 3046 in
946 2978 1099 3045 omnibus
1122 2979 1242 3067 quibus
1264 2985 1403 3068 poterat,
1425 2981 1559 3049 mutila-

505 3083 565 3150 vit.
611 3083 731 3150 Tactus
753 3105 831 3172 ergo
854 3082 966 3150 doloro
997 3082 1104 3149 cordis
1125 3081 1333 3163 intrinsecus,
1356 3084 1434 3172 quia
1455 3085 1559 3152 variis
1572 3098 1613 3151 He
1624 3115 1685 3221 εἴ

1572 3182 1632 3220 over

505 3186 651 3274 undique
673 3186 842 3255 lacessitus
864 3186 1006 3274 injuriis,
1021 3185 1158 3254 transiit
1180 3186 1292 3254 subito
1314 3187 1351 3254 iu
1374 3188 1558 3270 Franciam,
1571 3237 1671 3289 mana

505 3299 548 3370 et,
582 3293 743 3380 castigata
773 3290 907 3370 familia,
939 3291 1078 3359 formam
1108 3291 1222 3358 induit
1256 3294 1432 3360 exulantis
1487 3294 1560 3362 Neo

504 3395 612 3462 adhuc
627 3401 739 3461 tamen
753 3395 945 3482 pacificatus
958 3395 1025 3461 fuit
1040 3396 1071 3460 ei
1086 3402 1267 3463 conventus
1282 3395 1360 3482 ejus.
1397 3397 1560 3464 Exulavit

504 3499 609 3586 igitur
641 3499 697 3577 sic,
728 3499 800 3564 Deo
835 3498 980 3580 volente,
1011 3499 1217 3580 irredimus,
1255 3500 1344 3566 unde
1381 3497 1557 3568 indelebile

504 3601 718 3690 obprobrium
749 3599 890 3668 incurrit
924 3602 1055 3689 Anglia,
1087 3604 1147 3669 sed
1177 3600 1321 3670 maxime
1347 3603 1490 3686 ecclesia,
1514 3605 1557 3672 de

503 3710 574 3772 tam
617 3705 724 3771 sancti
756 3704 824 3770 viri
862 3704 1039 3772 offensione
1077 3709 1111 3772 et
1149 3704 1333 3774 amissione.
1395 3706 1441 3772 Et
1479 3730 1553 3775 eum

503 3830 688 3875 recessurus
719 3809 918 3874 valediceret
959 3808 1038 3895 regi,
1072 3810 1206 3896 plorans
1244 3810 1301 3890 ait,
1342 3808 1552 3899 “Nunquam

503 3913 619 3977 faeiem
641 3934 749 3978 meam
772 3912 914 3999 amplius
944 3908 1128 3978 videbis.”⁹
1182 3915 1284 4001 Apud
1320 3913 1553 3983 Pontiniaoum
1571 3919 1696 4002 &Pdfixps

503 4019 614 4106 igitur,
654 4019 711 4084 ubi
749 4019 964 4105 praedecessor
1001 4019 1072 4106 ejus
1109 4019 1228 4085 beatus
1265 4019 1409 4087 Thomas
1439 4025 1557 4089 martir
1570 3987 1687 4107 &effi

504 4145 669 4209 pressuras
692 4123 836 4189 tolerans
858 4122 1016 4203 latitavit,
1039 4130 1260 4191 commoratus
1282 4131 1353 4208 est3
1382 4126 1442 4192 ubi
1468 4120 1709 4214 jeju-Ponticu-

503 4227 567 4291 niis
589 4231 623 4291 et
646 4227 850 4293 orationibus
872 4227 1056 4305 intendens,
1072 4231 1224 4317 tempora
1238 4229 1459 4296 commodiora
1473 4223 1556 4321 prae·

503 4327 695 4396 stolabatur.

507 4535 698 4542 —nn—
721 4535 865 4541 ..—--—--
887 4536 959 4542 ..-..-
971 4536 1080 4542 -.--.-
1099 4538 1105 4542 .
1123 4536 1226 4542 -.-.----
1243 4536 1549 4545 -----——--——-

538 4656 589 4705 ἐρ
606 4657 631 4703 in
648 4654 695 4705 buc
714 4693 720 4706 .
739 4693 745 4706 .
764 4694 770 4705 .
789 4656 945 4722 marcusque]
965 4657 1006 4709 On
1083 4659 1094 4688 ²
1110 4657 1212 4708 Etcum
1231 4698 1237 4711 .
1256 4697 1262 4711 .
1282 4698 1288 4710 .
1307 4698 1313 4710 .
1331 4659 1437 4726 videbas]
1460 4659 1553 4711 Added

504 4749 536 4786 an
548 4749 656 4785 erasure.
1051 4735 1079 4785 in
1090 4752 1170 4802 marg.
