4517 6425
622 1175 688 1241 384
714 1261 718 1270 ,
742 1186 908 1239 aarum
932 1183 1147 1237 PARISIENSIS
1169 1181 1334 1235 HISTORIA
1356 1181 1556 1234 ANGLORUM.

450 1375 520 1427 an.
538 1379 610 1425 12³5.
622 1360 699 1440 lare,
711 1358 910 1426 tumultum¹
928 1359 1122 1425 suscitatum
1134 1358 1266 1445 pacifice
1275 1379 1313 1424 ac
1326 1357 1507 1445 prudenter
1521 1356 1649 1423 sedavit
1661 1380 1669 1436 ;

450 1471 559 1551 nhebp.
622 1468 658 1529 et
688 1464 759 1530 haec
784 1462 1040 1529 conniventibus
1074 1461 1176 1527 oeulis
1202 1461 1264 1527 sub
1300 1460 1571 1540 dissimulatione,
1602 1481 1670 1525 non

450 1540 734 1655 {ffltffitamen
763 1567 834 1633 sine
857 1566 995 1653 spiritus
1017 1564 1248 1643 amaritudine,
1280 1565 1359 1651 quia
1388 1586 1498 1644 senex,
1522 1567 1670 1650 pertran-

450 1687 565 1725 remoue.
621 1670 716 1749 siens,
728 1691 859 1735 causam
875 1674 944 1734 tam
959 1669 1097 1735 arduam
1112 1669 1177 1734 Dei
1193 1674 1227 1734 et
1241 1666 1365 1734 sancti2
1377 1666 1473 1733 Pauli
1488 1666 1669 1755 patrocinio

620 1778 655 1838 et
670 1773 814 1838 examini
831 1772 1077 1839 commendavit
1091 1771 1331 1837 trutinandum.
1377 1770 1455 1836 En³
1470 1777 1551 1836 tunc
1566 1771 1669 1857 igitur
1719 1788 1724 1796 ·

620 1876 797 1942 Cahursini
820 1876 908 1941 elata
931 1876 1039 1942 fronte
1062 1897 1096 1941 se
1118 1875 1251 1963 papales
1272 1879 1468 1941 mercatores
1492 1880 1526 1940 et
1549 1895 1668 1939 escam-

619 1980 762 2045 biatores
792 1979 1005 2067 appellantes,
1036 1983 1230 2044 consuetum
1254 1983 1417 2064 quaestum
1449 1978 1520 2044 sine
1542 1982 1669 2043 contra-

619 2083 771 2151 dictionis
793 2083 998 2150 offendiculis
1021 2081 1239 2150 exercebant.⁴

622 2389 712 2459 Ordo
735 2391 1009 2461 Proedc‘cctorum
1031 2396 1060 2457 et
1082 2387 1266 2456 Mincium
1288 2388 1386 2479 cupit
1407 2387 1670 2474 antipatriam

1041 2515 1251 2582 prosperum.

453 2655 606 2720 Prosperon
668 2599 896 2731 Hiisquoque
919 2644 1035 2710 diebus
1057 2643 1148 2709 Ordo
1168 2643 1423 2709 Praedicatorum
1447 2649 1482 2709 et
1504 2643 1671 2708 Minorum

454 2722 658 2840 ffi‘sssssstfhein
684 2752 817 2814 tanturn
839 2747 941 2834 coepit
970 2747 1083 2833 augeri
1106 2752 1141 2811 et
1162 2746 1355 2834 prosperari,
1380 2743 1441 2810 ut⁰
1464 2746 1499 2811 in
1522 2746 1670 2811 aedificiis

454 2856 591 2936 Preaeuers
624 2857 659 2917 et
680 2851 820 2916 fratrum
850 2849 1010 2914 numero⁷
1033 2850 1116 2915 bene
1147 2849 1354 2914 literatorum
1385 2848 1612 2937 multiplicato,
1637 2855 1671 2913 et

454 2923 725 3021 tuldMlnor'³'etiam
749 2955 837 3019 fama
858 2954 1007 3019 seientiae
1030 2956 1064 3017 et
1087 2952 1340 3039 praedicationis,
1362 2954 1490 3038 magnis
1513 2958 1547 3018 et
1570 2952 1670 3017 famo·

623 3060 668 3124 sis
691 3056 848 3126 coenobiis
871 3056 1136 3144 aequipararetur.

984 3345 1136 3435 Capitur
1159 3345 1326 3416 Ouadata.

455 3505 605 3570 σαρκικοί
672 3498 745 3564 Hoc
767 3518 895 3586 quoque
917 3517 1004 3563 anno
1026 3496 1242 3562 famosissima
1262 3497 1381 3562 civitas
1403 3496 1573 3584 Hispaniae
1594 3496 1673 3564 Cor-

455 3573 615 3704 fffiffi
628 3601 717 3667 dubo
739 3625 760 3666 a
781 3599 1050 3668 victoriosissimo
1073 3622 1149 3687 rege
1180 3599 1332 3665 Oastellae
1354 3605 1450 3688 capta
1471 3607 1530 3679 est,
1554 3622 1673 3686 magno

419 3782 423 3793 Ι
455 3706 565 3758 daune.
628 3705 775 3794 principe
813 3705 945 3770 domino
983 3702 1141 3783 civitatis,
1179 3723 1253 3768 oum
1290 3702 1505 3768 multitudine
1542 3703 1675 3768 infinita

455 3823 542 3874 Lucan
553 3824 615 3875 tom
628 3829 841 3897 paganorum,
865 3807 976 3873 occiso.
1022 3804 1064 3870 In
1087 3826 1161 3891 qua,
1192 3805 1337 3891 inquam,
1368 3806 1513 3882 civitate,
1535 3827 1674 3893 magnus

454 3891 531 3943 Μ’
628 3919 663 3979 et
692 3908 896 3998 altiloquus⁸
929 3913 1027 3997 poeta
1054 3907 1205 3974 Lucanus
1236 3913 1353 3974 natum
1376 3930 1410 3974 se
1433 3912 1675 3987 commemorat,

626 4016 746 4094 dicens,
771 4014 954 4081 “Corduba
976 4035 1028 4078 me
1050 4009 1221 4102 genuit.'’⁹

658 4295 664 4324 ¹
679 4290 815 4358 tumulum]
835 4292 927 4343 Added
939 4291 966 4341 in
978 4305 1057 4356 marg.
1205 4292 1250 4341 ‘ct
1256 4292 1407 4358 prosperari,
1418 4291 1459 4359 ut]
1473 4291 1514 4343 On
1523 4307 1555 4344 an
1567 4307 1673 4344 erasure.

655 4373 775 4437 'mactfl
790 4371 837 4430 sui.
856 4371 912 4423 MS.
932 4372 984 4422 and
1002 4372 1033 4422 E.
1053 4368 1126 4424 Corr.
1206 4371 1336 4439 τιιιιηιεπι]
1356 4388 1466 4432 numero,
1478 4372 1535 4424 MS.

623 4453 689 4502 from
700 4451 732 4501 B.
745 4450 783 4509 0.,
794 4450 879 4501 which
890 4449 953 4501 omit
964 4449 1018 4502 Dei
1028 4460 1058 4504 ct.
1206 4448 1375 4518 “altiloqnaq
1395 4452 1520 4518 altiloquo,
1537 4452 1594 4503 MS.

656 4534 666 4561 ³
679 4530 737 4596 Ea]
757 4530 796 4580 At
806 4530 862 4581 first
870 4530 970 4581 written
982 4530 1027 4583 Et.
1205 4533 1215 4560 '
1225 4531 1429 4582 Borrovedfrom
1438 4532 1589 4582 ahcxastich
1595 4532 1674 4583 found

656 4615 664 4642 ⁴
676 4610 832 4676 exercebant]
851 4613 1026 4673 excercebunt,
1038 4612 1094 4664 MS.
1171 4609 1199 4659 in
1209 4625 1287 4675 many
1297 4609 1373 4661 MSS.
1386 4611 1417 4661 of
1424 4611 1519 4671 Lucan,
1528 4611 1674 4676 beginning,

657 4690 857 4756 ⁵ma1uplicirer]
887 4690 1041 4754 multipliter,
1067 4691 1124 4742 MS.
1169 4694 1185 4718 “
1198 4689 1314 4740 Corduba
1329 4706 1371 4740 me
1387 4692 1482 4755 genuit,
1498 4691 1582 4754 rapuit
1598 4691 1674 4751 Nero,

624 4771 804 4822 'l'hisandthe
820 4776 883 4821 next
900 4771 969 4820 word
987 4785 1072 4820 arcon
1090 4786 1123 4821 an
1170 4773 1185 4797 ‘⁴
1197 4769 1285 4833 praelia
1302 4769 1381 4820 dixi.'’
1415 4771 1462 4820 See
1483 4770 1594 4820 Fabricii
1607 4770 1674 4820 Bibl.

624 4866 729 4903 erasure.
1169 4848 1224 4899 Iat.
1236 4848 1262 4900 ii.
1278 4855 1332 4909 140,
1343 4851 1381 4900 ed.
1393 4849 1499 4898 Ernesti.
