4517 6425
620 1182 686 1249 484
746 1192 912 1248 narrum
935 1191 1149 1247 ramsrausrs
1171 1191 1334 1247 mamma
1355 1192 1555 1248 arenosum.

450 1381 521 1434 Am.
535 1385 607 1436 1244.
620 1394 680 1460 per
700 1376 825 1439 ear-tam
847 1372 996 1439 omnium
1015 1392 1210 1460 magnorum
1225 1370 1437 1457 praelatorum
1458 1372 1670 1440 orientalium

449 1461 608 1592 ffihffl
620 1475 738 1562 sigillis
759 1475 960 1557 roboratam,
984 1495 1123 1561 quaeque
1153 1475 1308 1541 omnibus
1338 1474 1552 1543 audientibus
1573 1476 1673 1543 timo-

453 1596 573 1662 Beyroua
619 1599 689 1645 rem
720 1577 859 1643 incussit
896 1581 932 1643 et
969 1575 1137 1643 dolorem.¹
1195 1574 1301 1661 Cujus
1334 1598 1462 1642 summa
1495 1577 1567 1644 haee
1598 1584 1668 1644 est:

620 1680 872 1746 Suooubuerunt
903 1680 942 1745 in
974 1679 1061 1745 bello
1084 1679 1126 1745 de
1148 1679 1370 1746 conventibus
1400 1680 1518 1746 domus
1540 1681 1671 1747 militia

619 1783 757 1871 Templi,
781 1782 968 1870 Hospitalis
991 1780 1109 1847 Sancti
1143 1780 1168 1848 J
1169 1780 1318 1858 ohannis,
1340 1785 1375 1847 et
1398 1780 1531 1849 Sanctae
1554 1782 1671 1849 Marisa

620 1885 908 1963 Tbeutonioornm‚
947 1881 1139 1972 praeeleoti⁹
1186 1883 1304 1949 xxxiii.
1343 1884 1530 1971 Templarii,
1578 1886 1671 1953 xxvi.

621 1987 863 2075 Hospitalarii;
885 1991 920 2054 et
941 1992 1010 2053 tres
1033 1987 1153 2053 fratres
1175 1986 1372 2052 Theutonici
1397 1992 1575 2054 evaserunt
1596 1993 1672 2055 tau·

619 2092 800 2168 tummodo,
823 2090 977 2156 omnibus
999 2090 1074 2156 aliis
1095 2089 1277 2177 peremptis
1307 2093 1343 2155 et
1366 2090 1482 2177 captis,
1506 2094 1543 2157 et
1565 2093 1670 2179 capti·

618 2195 716 2271 vatis,
753 2215 821 2259 non
857 2191 1063 2281 redemptis⁸
1123 2192 1313 2281 Optimates
1351 2213 1430 2258 vero
1468 2198 1576 2273 terrae,
1611 2217 1670 2282 pro

618 2295 735 2383 majori
756 2303 949 2385 partarum
972 2295 1138 2362 militibus
1161 2295 1231 2361 suis
1252 2294 1422 2362 interfecti
1445 2300 1533 2376 eunt,
1550 2303 1672 2384 praeter

620 2405 766 2487 stragem
804 2399 1053 2467 balistariorum
1090 2403 1125 2465 et
1162 2397 1314 2486 peditum
1348 2397 1566 2466 infinitorum.
1619 2401 1670 2467 De

618 2502 865 2590 archiepiscopo
900 2523 981 2568 vero
1014 2502 1164 2589 Tymuei,
1192 2501 1345 2588 episeopo
1378 2500 1494 2568 Sancti
1526 2502 1669 2590 Georgii,

618 2605 740 2672 abbate
763 2604 896 2672 Sauotae
928 2604 1045 2671 Mariae
1075 2604 1115 2670 de
1138 2603 1163 2671 J
1164 2603 1313 2691 osaphat,
1339 2603 1501 2691 Magistro
1532 2605 1670 2693 Templi,

617 2713 652 2774 et
674 2714 874 2795 praeoeptore
897 2706 1030 2773 Sanotae
1046 2705 1164 2773 Mariae
1186 2706 1478 2787 Theutonicornm,
1498 2711 1533 2773 et
1555 2730 1670 2794 quam-

616 2811 768 2899 pluribus
783 2811 856 2875 aliis
878 2810 1040 2898 religiosis
1062 2813 1097 2875 et
1113 2809 1248 2888 clericis,
1263 2830 1340 2876 oum
1362 2832 1431 2876 nou
1447 2811 1670 2898 apparuerint,

514 2976 516 2982 .
617 2914 763 2981 nesoitur
784 2913 866 3000 quid
897 2914 942 2979 sit
973 2914 1015 2980 de
1046 2913 1137 3001 ipsis.
1184 2912 1346 3001 Magister
1376 2934 1456 2979 vero
1481 2913 1671 3002 Hospitalis

617 3021 653 3084 et
675 3038 780 3083 eomes
804 3016 973 3082 Walterns
1004 3016 1045 3082 de
1068 3016 1197 3081 Bresna
1230 3037 1306 3081 oum
1330 3015 1446 3082 multis
1472 3016 1548 3081 aliis
1571 3020 1668 3106 eapti,

618 3123 654 3187 in
677 3119 884 3185 Babiloniam
900 3124 980 3186 sunt
1001 3118 1145 3185 abducti
1186 3118 1261 3185 Hoo
1283 3118 1418 3185 autem⁴
1433 3121 1670 3187 exterminium

618 3225 768 3290 fecerunt
791 3222 1009 3300 Ohorosmini,
1033 3244 1116 3309 quos
1153 3245 1174 3287 a
1196 3222 1320 3288 finibus
1354 3223 1422 3288 suis
1444 3223 1578 3290 Tartari
1600 3226 1671 3292 vio·

617 3328 724 3394 lenter
762 3325 972 3413 expulerunt.
1028 3325 1124 3411 Ipsos
1162 3325 1267 3412 igitur
1306 3324 1541 3393 Chorasminos
1579 3329 1672 3394 misit
1692 3341 1736 3393 fol
1752 3342 1834 3397 raab.

621 3429 786 3495 Soldanus
825 3427 1017 3510 Babiloniae,
1056 3422 1155 3493 simul
1192 3449 1267 3493 oum
1305 3428 1381 3509 suis,
1420 3428 1478 3514 qui
1515 3429 1671 3497 ducatum

620 3533 744 3598 eisdem
766 3530 1016 3618 praestiterunt⁶
1038 3537 1073 3596 et
1095 3529 1260 3598 auxilium
1283 3552 1381 3618 super
1403 3530 1617 3601 Christianos.

620 3822 796 3890 Dominae
829 3846 928 3911 papa
965 3823 1016 3891 οὐδ
1048 3823 1313 3890 Cautuardonsts
1353 3824 1471 3893 elatos
1509 3825 1673 3894 adhibent

711 3925 940 4044 diltpepttom,
978 3933 1018 3994 at
1054 3926 1296 3995 renoncilietar
1332 3927 1510 4017 episcopas
1549 3929 1673 3998 Winte-

712 4051 854 4097 eaerum.

456 4191 513 4243 The
524 4208 588 4258 pope
670 4180 797 4245 Diebus
813 4201 942 4266 quoque
965 4180 1028 4246 sub
1050 4181 1174 4247 eisdem
1190 4180 1344 4246 dominus
1360 4201 1447 4268 papa
1469 4186 1504 4248 et
1521 4181 1674 4249 dominus

456 4262 573 4378 ‘gfff
626 4284 748 4349 electus
772 4281 1045 4349 Cantuanensis⁷
1067 4305 1200 4350 omnem
1231 4305 1331 4370 quam
1353 4289 1492 4372 possunt
1514 4285 1675 4353 adhibent

659 4481 783 4546 'qunque
800 4516 807 4532 .
824 4515 832 4531 .
849 4517 856 4531 .
873 4478 989 4546 dobrem]
1016 4479 1128 4532 Written
1206 4481 1216 4510 ²
1228 4478 1365 4546 proedacn]
1396 4479 1490 4531 Added
1516 4495 1549 4530 on
1577 4487 1605 4531 to
1632 4481 1675 4532 the

627 4589 660 4625 on
673 4573 747 4637 aslip
759 4572 789 4623 of
801 4571 896 4623 vellum
907 4572 994 4637 pasted
1010 4586 1070 4623 orer
1085 4571 1129 4624 tha
1173 4566 1235 4611 ω

629 4665 737 4731 original
765 4671 828 4726 text,
850 4663 936 4714 which
954 4665 1035 4726 reads,
1057 4680 1129 4729 qnam
1174 4641 1267 4769 11⁵de
1278 4639 1426 4782 ἰὲαὲῑζῖἒὼν
1449 4654 1496 4688 ’¹⁰¹¹
1529 4637 1672 4706 '‘dempffl]

629 4760 655 4808 ia
689 4757 750 4809 libro
779 4756 1002 4807 Additamentorum
1031 4755 1129 4823 plenia
1208 4797 1326 4864 ,amm
1345 4796 1491 4848 luterum

629 4853 745 4916 scripum
756 4852 872 4901 mumius.
901 4850 1045 4900 Thisletter
1055 4851 1130 4900 isnot
1208 4879 1217 4906 s
1230 4876 1411 4942 mmmmm]
1430 4876 1676 4941 prfflfitefiunffls·

630 4945 658 4994 in
681 4943 843 4994 tho“1iber
865 4943 1129 5002 Additamentorum,’'
1208 4958 1270 5022 ⁶e1]
1289 4957 1435 5007 Interlined,

631 5039 677 5087 but
685 5037 750 5086 inB.
759 5036 787 5087 C.
797 5037 848 5098 (ed.
856 5036 936 5095 Wats,
943 5051 984 5100 pp.
993 5036 1130 5099 031-6330
1209 5035 1321 5087 'electus
1346 5036 1547 5104 cantuariensis]
1579 5038 1619 5090 On
1642 5054 1674 5091 an

632 5130 706 5182 dated
716 5129 781 5179 from
793 5128 919 5189 Aaou,25
932 5127 998 5180 Nor.
1011 5131 1084 5178 1244.
1175 5130 1283 5168 mlle·
