4517 6425
657 1196 699 1258 84
785 1205 950 1256 narrum
973 1203 1189 1255 casurusne
1211 1200 1377 1253 mercum
1399 1200 1600 1250 suenorum.

489 1389 559 1442 AJ).
573 1394 645 1440 119⁹.
657 1378 823 1443 bracensis
844 1377 949 1443 electi.
1006 1378 1071 1443 Sed
1100 1382 1279 1463 antequam
1302 1376 1468 1442 sententia
1498 1373 1711 1448 relaxaretur,

658 1503 719 1547 rex
752 1481 952 1547 Francorum
986 1480 1163 1567 praefatum
1197 1481 1338 1545 electum
1368 1479 1411 1543 ab
1442 1478 1533 1544 omni
1560 1474 1712 1541 custodia

494 1584 824 1649 Canaunaliberavit.
863 1582 990 1649 Eodem
1013 1604 1144 1669 quoque
1166 1589 1313 1668 tempore
1335 1581 1424 1645 idem
1446 1579 1575 1666 legatus
1597 1578 1642 1642 ad
1662 1597 1711 1640 re·

659 1710 734 1774 gem
748 1687 934 1773 Anglorum
955 1686 1100 1762 veniens,
1123 1685 1184 1750 sub
1209 1706 1308 1771 poena
1323 1683 1494 1749 interdicti
1508 1680 1649 1767 rogavit,
1673 1682 1712 1743 ut

660 1790 847 1876 episcopum
863 1788 1107 1864 Belvacensem
1130 1786 1188 1873 qui
1202 1789 1273 1872 jam
1293 1807 1351 1871 per
1365 1785 1538 1850 biennium
1558 1783 1620 1848 sub
1641 1803 1713 1847 cru-

661 1892 827 1957 delissima
864 1891 999 1955 carceris
1040 1890 1190 1955 custodia
1228 1889 1383 1954 detentus
1420 1888 1537 1964 fuerat,
1574 1886 1713 1951 liberam

495 2006 643 2071 Therinos
661 1995 852 2060 concederet
874 1993 1017 2058 abeundi
1039 1993 1217 2058 licentiam
1264 1991 1339 2070 Sed,
1356 1993 1510 2077 quoniam
1534 1990 1623 2055 idem
1647 1987 1714 2075 epi-

494 2074 619 2191 {ffffl
662 2118 778 2183 scopus
800 2100 915 2162 contra
944 2096 1070 2160 ordinis
1092 2090 1145 2160 sui
1168 2094 1365 2181 dignitatem
1389 2098 1505 2181 captus
1534 2093 1651 2167 fuerat,
1674 2096 1728 2178 ut¹

496 2224 529 2257 on
541 2180 636 2273 payiig
664 2200 758 2264 miles
772 2199 828 2263 vel
842 2197 1018 2285 ruptarius,
1034 2219 1103 2262 non
1123 2197 1214 2284 prius
1232 2197 1323 2261 abire
1344 2197 1522 2284 permissus
1537 2199 1595 2273 est,
1612 2194 1715 2258 donec

495 2274 578 2325 afine.
664 2323 722 2366 sex
745 2300 838 2365 milia
860 2297 1064 2365 marcarum¹
1089 2300 1221 2386 argenti
1242 2300 1313 2385 regi
1335 2304 1532 2364 numeraret.
1577 2295 1715 2361 Juravit

662 2405 806 2491 insuper,
829 2403 918 2489 quod
941 2424 1112 2489 nunquam
1135 2408 1252 2467 contra
1275 2402 1464 2488 quempiam
1489 2400 1714 2467 Christianum

661 2529 754 2572 arma
778 2510 930 2593 gestaret

671 2778 714 2844 Ut
736 2775 908 2843 Alicrwru
929 2777 1052 2861 rapina
1074 2775 1183 2841 misso
1206 2774 1328 2861 fuerat
1346 2797 1413 2862 pro
1435 2775 1569 2842 Blasco
1597 2774 1716 2861 puello

687 2895 689 2897 ’
986 2878 1163 2944 Lodowico
1183 2878 1395 2945 muritmcdc.

495 3044 564 3095 nl).
579 3050 651 3096 1200.
709 3027 808 3090 Anno
830 3027 948 3113 gratiae
971 3041 1095 3104 uacca,
1111 3050 1172 3092 rex
1188 3028 1389 3093 Francorum
1405 3027 1579 3115 Philippus
1599 3033 1635 3093 et
1656 3050 1715 3093 rex
1727 3037 1876 3117 lippum

496 3138 612 3218 Treaty·
664 3128 849 3216 Anglorum
863 3130 887 3195 J
891 3129 1076 3216 [ohannes],
1091 3133 1166 3217 post
1187 3130 1310 3195 festum
1333 3130 1440 3195 sancti
1464 3130 1608 3208 Hillan'i,
1629 3131 1717 3195 inter
1750 3120 1788 3154 ¹¹¹·
1802 3109 1857 3154 ¹⁴⁶·

496 3204 644 3338 ffipffl
665 3230 801 3296 Wailun
833 3236 868 3297 et
902 3232 1075 3296 Butavant
1096 3232 1232 3298 castella
1258 3235 1301 3298 ad
1328 3233 1527 3319 colloquium
1557 3255 1718 3300 convene-

528 3372 558 3417 13
570 3366 630 3417 Μ,
663 3338 753 3412 runt,
784 3332 843 3398 ubi
874 3335 1031 3399 convenit
1059 3334 1148 3399 inter
1171 3333 1251 3410 eos,⁹
1278 3335 1366 3421 quod
1388 3335 1545 3401 videlicet
1568 3336 1719 3401 Lodowi-

665 3457 731 3514 cus,
761 3436 850 3501 filius
873 3437 960 3522 regis
991 3436 1195 3502 Francorum
1225 3443 1260 3503 et
1293 3437 1395 3516 heres,
1418 3439 1552 3505 duceret
1580 3461 1733 3513 uxorem,

664 3538 769 3603 filiam
785 3537 966 3615 Aldefcnsi,
983 3539 1069 3625 regis
1084 3539 1245 3618 castellae,
1260 3544 1395 3626 neptem
1408 3542 1496 3627 regis
1510 3541 1532 3606 J
1536 3541 1735 3629 [ohannis];,

665 3646 700 3706 et
723 3663 784 3706 rex
798 3642 985 3728 Anglorum
999 3663 1059 3727 pro
1074 3640 1137 3706 hoc
1151 3642 1364 3708 matrimonio
1387 3644 1611 3710 contrahendo
1626 3646 1720 3710 daret

665 3744 841 3809 Lodowico
857 3767 932 3809 cum
947 3750 1047 3830 nepte
1062 3766 1123 3808 sua
1137 3745 1291 3832 B[lanca]
1307 3746 1344 3809 in
1358 3746 1531 3832 maritagio
1548 3747 1735 3821 ciuitatem¹

666 3845 881 3911 Ebroicarum
911 3868 986 3911 cum
1016 3853 1088 3912 toto
1111 3847 1280 3925 comitatu,
1307 3853 1341 3913 et
1363 3849 1496 3936 insuper
1521 3871 1601 3913 xxx.
1625 3849 1720 3914 milia

668 3970 792 4013 marcas
821 3949 960 4036 argenti.
1015 3949 1143 4014 Petivit
1169 3956 1327 4035 praeterea
1356 3972 1416 4015 rex
1447 3952 1648 4017 Francorum
1677 3953 1720 4017 ab

668 4051 854 4137 Anglorum
876 4074 961 4139 rege,
978 4056 1017 4116 ut
1040 4052 1162 4117 laceret
1188 4053 1218 4118 ci
1242 4054 1461 4131 securitatem,
1479 4054 1568 4140 quod
1591 4055 1720 4120 nullum

668 4152 804 4233 Othoni,
820 4154 935 4240 nepoti
950 4176 1018 4235 suo,
1035 4154 1157 4219 faceret
1169 4155 1332 4219 auxilium
1347 4155 1387 4219 de
1402 4154 1592 4221 hominibus
1614 4179 1721 4244 neque

668 4254 709 4319 de
731 4257 879 4341 pecunia,
903 4256 946 4320 ad
968 4256 1143 4343 imperium
1167 4256 1408 4343 optinendum,³
1433 4258 1469 4321 in
1491 4257 1641 4326 Franciae
1664 4262 1739 4327 dc-.

669 4355 889 4423 trimentum.⁴
934 4349 1087 4446 Denique
1102 4361 1191 4425 inter
1204 4382 1296 4447 reges
1317 4361 1449 4438 foedere,
1462 4367 1502 4426 ut
1516 4364 1719 4449 praemissum
1730 4368 1890 4450 Quem.

669 4465 729 4540 est,
764 4461 966 4541 confirmato,
999 4464 1179 4527 terminum
1211 4462 1254 4526 od
1284 4484 1421 4549 sequens
1458 4464 1579 4530 festum
1613 4467 1720 4532 sancti
1755 4453 1792 4488 ¹¹¹'
1807 4441 1861 4487 ¹⁴⁷¹

669 4563 693 4629 J
696 4563 838 4629 ohannis
862 4563 1026 4649 Baptistae
1051 4569 1251 4640 statuerunt,
1277 4570 1317 4630 ut
1348 4571 1429 4631 tunc
1459 4589 1506 4648 ea,
1539 4589 1612 4654 quae
1643 4574 1721 4635 sunt

846 4729 990 4735 ..———
1012 4731 1044 4735 ...
1387 4733 1391 4737 ,
1567 4735 1574 4740 -

705 4840 712 4868 ¹
725 4837 793 4887 milia
804 4838 954 4902 morcarum]
969 4837 1024 4887 The
1035 4838 1084 4887 last
1092 4839 1177 4889 letters
1254 4828 1264 4856 ²
1275 4826 1332 4877 The
1350 4835 1433 4895 treaty
1451 4830 1474 4879 ie
1493 4830 1520 4880 in
1539 4831 1642 4896 Rymer,
1653 4832 1670 4881 i.
1682 4835 1714 4884 79

672 4931 703 4979 ol
708 4931 770 4980 both
779 4932 861 4980 words
869 4945 912 4980 are
923 4945 957 4979 on
963 4945 1072 4990 erasure,
1081 4932 1132 4980 and
1143 4946 1178 4980 no
1220 4907 1294 4956 dated
1306 4909 1322 4933 “
1333 4908 1400 4971 “Pud
1411 4908 1545 4970 Gul⁰l⁰⁰›”
1556 4910 1628 4975 May,
1641 4915 1714 4960 ¹2⁰⁰·

672 5022 750 5072 doubt
761 5022 821 5087 they
839 5037 904 5072 were
922 5021 977 5072 first
996 5021 1096 5072 written
1116 5020 1177 5072 mili·
1253 4986 1264 5093 i
1274 4986 1723 5135 iiinzidid]deiriaiirgriiuiidded

673 5113 718 5163 bu,
728 5116 826 5175 mareis,
837 5130 866 5164 as
877 5115 903 5164 in
915 5114 958 5166 W.
971 5114 1001 5165 B·
1014 5114 1043 5165 C·

1221 5142 1248 5192 in
1260 5160 1340 5209 marg.
