4517 6425
888 1204 1115 1258 varnasona
1138 1208 1239 1258 nucis
1261 1208 1411 1259 mosam.
1629 1198 1672 1261 33

627 1382 666 1443 ut
679 1379 845 1446 nemiuem
859 1402 970 1448 eorum
987 1384 1110 1449 intrare
1131 1386 1368 1471 permitterent.
1397 1386 1445 1451 At
1465 1386 1513 1451 illi
1530 1388 1673 1453 tentoria
1686 1408 1753 1459 nJ).
1769 1414 1839 1460 noa

606 1502 686 1547 ‚sua
712 1488 808 1548 extra
830 1484 944 1550 urbem
966 1493 1156 1572 posuerunt
1204 1488 1249 1552 Et
1274 1488 1321 1553 sic
1346 1491 1486 1555 recessit.

661 1778 711 1847 Da
733 1778 882 1868 quoda-m
906 1779 1080 1861 heremita,
1106 1783 1169 1870 qui
1195 1784 1269 1869 cept
1291 1783 1444 1851 iti-cordo
1462 1785 1641 1873 prodicit,

819 1882 1013 1951 renatam
1034 1907 1109 1953 non
1124 1885 1201 1973 sore
1224 1886 1485 1974 ammomum.

442 2042 615 2122 quwend.
670 2029 761 2096 Duce
791 2030 895 2118 igitur
920 2031 957 2095 in
988 2032 1075 2098 hunc
1106 2033 1242 2098 modum
1273 2055 1426 2120 regresso,
1456 2035 1550 2101 venit
1581 2041 1676 2101 nocte
1687 2042 1798 2121 aicham

478 2112 517 2161 ¹¹¹·
532 2115 578 2161 ⁵⁸·
624 2134 775 2219 sequenti
789 2134 960 2221 religiosus
975 2134 1109 2220 quidam
1124 2136 1168 2201 ad
1183 2158 1302 2223 regem,
1312 2142 1346 2202 et
1361 2137 1554 2204 mandatum
1570 2140 1676 2225 cujus·
1687 2118 1815 2241 {mh

625 2236 702 2301 dam
715 2236 915 2302 sanctissimi
929 2238 1100 2303 heremitae
1122 2238 1166 2303 ad
1180 2261 1256 2305 eum
1271 2239 1402 2317 detulit,
1424 2240 1482 2327 qui
1505 2242 1574 2327 regi
1589 2249 1676 2308 certo
1689 2245 1742 2303 mn,

605 2339 833 2426 ‚significavit
857 2345 897 2406 ut
918 2340 961 2405 ad
983 2362 1068 2419 eum,
1093 2362 1191 2407 causa
1213 2342 1344 2407 visendi
1366 2347 1401 2408 et
1424 2343 1676 2410 instructionem

605 2442 670 2508 .ad
692 2463 789 2509 auum
809 2443 994 2529 profectum
1017 2444 1205 2531 recipiendi,
1226 2450 1423 2531 properaret.
1468 2446 1544 2512 Rex
1565 2453 1677 2512 autem

625 2545 667 2610 de
682 2551 778 2610 nocte
792 2567 999 2633 consurgens,
1022 2547 1201 2633 assumptis
1224 2567 1332 2613 secum
1356 2548 1452 2613 sociis
1475 2548 1676 2635 quingentis,

622 2648 667 2715 ad
687 2650 797 2715 virum
820 2647 885 2715 Dei
908 2649 1069 2737 pervenit.
1116 2649 1185 2716 Hic
1204 2671 1284 2716 vero
1306 2672 1365 2737 per
1387 2651 1521 2738 longum
1546 2658 1677 2739 tempus

623 2753 712 2839 apud
737 2750 896 2818 Sanctum
923 2750 1109 2817 Samuelem
1137 2752 1174 2817 in
1203 2757 1317 2819 monte
1346 2759 1523 2834 manserat,
1556 2754 1613 2840 qui
1642 2760 1678 2821 et

623 2855 743 2942 spiritu
775 2854 920 2942 pollebat
949 2854 1139 2942 prophetiae.
1185 2855 1251 2921 Hic
1281 2877 1303 2920 a
1325 2856 1378 2921 die
1407 2856 1677 2942 illa,quaCn1x

626 2958 800 3024 Dominica
821 2964 917 3045 capta
952 2963 1003 3023 est
1033 2965 1068 3023 et
1089 2964 1182 3024 terra
1204 2958 1333 3039 amissa,
1364 2959 1449 3024 nihil
1471 2960 1536 3025 nisi
1558 2960 1677 3025 herbas

624 3063 808 3128 comederat
844 3067 879 3126 ct
910 3061 1044 3139 radices,
1076 3083 1137 3127 nec
1169 3061 1234 3127 ullo
1270 3061 1428 3128 utebatur
1459 3069 1676 3150 tegument03

624 3165 748 3254 capillis
780 3163 1012 3231 tantummodo
1042 3164 1251 3253 operiebatur
1277 3165 1453 3253 barbaeque
1475 3166 1674 3253 prolixitate.

626 3268 732 3350 Quem
747 3290 807 3334 rex
822 3266 950 3333 diutius
964 3267 1162 3334 admirando
1177 3269 1321 3346 intuens,
1337 3270 1566 3336 sciscitabatur
1581 3271 1676 3355 quid-

627 3393 706 3436 nam
720 3372 828 3438 vellet.
876 3370 937 3436 Ille
960 3392 1038 3437 vero
1061 3371 1103 3437 de
1125 3372 1212 3458 regis
1235 3372 1382 3438 adventu
1404 3373 1546 3459 gavisus,
1570 3373 1677 3459 ipsum

624 3474 661 3540 in
687 3474 868 3539 oratorium
900 3495 996 3540 suum
1026 3474 1178 3553 adduxit,
1210 3495 1392 3559 eruensque
1414 3475 1455 3540 de
1477 3497 1571 3540 muro
1594 3475 1677 3562 lapi·

625 3579 699 3642 dem
722 3599 835 3656 unum,
859 3577 1025 3663 quandam
1040 3598 1169 3642 crucem
1191 3576 1333 3663 ligneam
1350 3581 1385 3642 et
1399 3577 1675 3642 monocubitalem

600 3751 604 3757 ,
626 3679 667 3745 de
681 3701 773 3745 muro
789 3679 948 3759 extraxit,
972 3685 1008 3744 et
1027 3680 1097 3767 regi
1120 3678 1239 3744 devote
1259 3679 1408 3765 porrexit
1422 3684 1457 3744 et
1472 3678 1574 3758 dedit,
1591 3679 1676 3743 affir-

626 3804 720 3847 mans
742 3782 854 3870 procul
877 3782 979 3847 dubio
1002 3782 1086 3848 hanc
1102 3801 1231 3848 crucem
1247 3780 1288 3846 de
1304 3781 1395 3867 ligno
1417 3780 1554 3846 Domini
1568 3781 1676 3847 fuisse.

627 3885 773 3973 Regique
797 3886 897 3951 etiam
924 3885 1012 3950 inter
1035 3886 1103 3950 alia
1127 3884 1225 3962 dixit,
1248 3884 1335 3970 quod
1363 3884 1590 3970 nequaquam¹
1616 3884 1677 3951 hac
1689 3894 1810 3973 nhopra

626 3987 698 4052 vice
727 3992 849 4054 terram
878 3987 972 4052 illam
1004 3979 1171 4075 optinerit,
1205 3987 1357 4073 quamvis
1391 3993 1523 4052 strenue
1553 3986 1676 4074 ubique
1688 3963 1836 4080 ffifihssss,

625 4091 752 4178 egisset.
798 4090 851 4167 Et,
880 4094 919 4155 ut
942 4089 1062 4156 certius
1084 4111 1144 4154 rex
1166 4088 1266 4154 dictis
1289 4089 1359 4175 ejus
1381 4089 1481 4156 fidem
1496 4097 1833 4175 accommo-sqeceedin

625 4193 728 4274 daret,
752 4192 916 4260 asserebat
937 4193 1081 4281 seipsum
1107 4192 1149 4256 ab
1175 4192 1236 4258 hoc
1258 4191 1366 4257 seculo
1389 4193 1443 4258 die
1465 4193 1606 4279 septima
1627 4162 1819 4294 se-ffl‘er‘

626 4302 748 4386 quente
772 4297 999 4384 migraturum.
1056 4295 1162 4377 Quem
1185 4317 1245 4360 rex
1275 4317 1383 4361 secum
1410 4297 1453 4362 ad
1478 4301 1585 4362 castra
1606 4320 1678 4384 per-

626 4401 732 4479 duxit,
748 4405 787 4466 ut
802 4401 965 4466 dictorum
987 4399 1057 4485 ejus
1080 4403 1238 4465 eventum
1265 4400 1509 4487 comprobaret;
1534 4405 1577 4480 et,
1594 4401 1679 4467 sicut

627 4504 835 4592 praedixerat,
857 4503 901 4569 ab
915 4502 976 4568 hac
998 4502 1070 4568 luce
1084 4502 1139 4567 die
1154 4501 1295 4589 septima
1309 4502 1353 4567 ad
1369 4503 1550 4568 Dominum
1573 4507 1678 4568 trans-

628 4606 792 4692 migravit.

946 4865 952 4894 ¹
966 4863 1131 4930 nequaquam]
1150 4879 1297 4930 uecaquam,
1308 4863 1365 4915 MS.
