4517 6425
653 1172 719 1236 360
783 1185 947 1235 numani
969 1183 1182 1277 raarsrrnrsrs
1204 1181 1368 1233 mamma
1391 1180 1591 1230 suetonum,

706 1460 883 1528 Hubertus
904 1442 1070 1529 retractio
1092 1459 1135 1527 ab
1158 1457 1295 1527 ecclesie
1318 1457 1446 1525 durias
1468 1478 1510 1524 oe
1531 1456 1650 1523 dirius

1053 1562 1301 1630 tricameratae.

490 1705 643 1757 t·1)·¹2³³·
700 1700 946 1787 Evigilantibus
980 1699 1108 1766 interea
1139 1698 1335 1775 castellanis,
1357 1719 1432 1763 cum
1455 1696 1646 1761 Hubertum
1669 1694 1705 1757 in
1716 1708 1884 1790 napwend.

487 1800 619 1851 Haboni·
655 1806 726 1871 loco
748 1808 903 1869 consueto
925 1801 1077 1868 custodes
1099 1825 1167 1868 non
1191 1806 1396 1890 repererunt,
1412 1799 1600 1888 perturbati
1626 1802 1707 1863 sunt
1743 1794 1779 1828 ¹⁹·
1793 1778 1852 1827 ²⁷⁴·

485 1869 605 1984 issffi,
657 1907 760 1972 valde.
807 1907 852 1971 Et
874 1906 1070 1971 catervatim
1104 1911 1264 1971 exeuntes
1296 1904 1337 1969 de
1356 1915 1476 1980 castro,
1499 1924 1574 1968 cum
1597 1901 1722 1988 ipsum.

487 2001 645 2079 choreuma
655 2011 692 2078 in
715 2033 754 2076 eo
776 2030 844 2074 non
866 2010 1065 2085 invenirent,
1088 2030 1163 2073 cum
1195 2006 1332 2072 laternis
1362 2012 1396 2071 et
1429 2004 1575 2070 fustibus
1598 2002 1722 2093 omnia,

486 2082 620 2197 pmii·
653 2111 834 2199 quaerendo
863 2111 1120 2199 perlustrabant,
1146 2110 1248 2176 donee
1271 2133 1292 2174 a
1314 2108 1532 2174 referentibus
1554 2106 1710 2171 audirent

653 2215 848 2280 Hubertnm
863 2214 899 2277 in
921 2212 1056 2279 ecclesia
1070 2212 1170 2278 fuisse
1186 2211 1398 2298 compedibus
1411 2211 1597 2276 liberatum.
1636 2208 1721 2289 Quo,

654 2340 729 2383 cum
752 2316 900 2383 tumultu
914 2316 1038 2404 raptim
1061 2320 1302 2391 concurrentes,
1316 2314 1517 2380 invenerunt
1533 2335 1608 2378 eum
1631 2317 1722 2397 ante,

653 2421 767 2497 altare,
782 2441 910 2485 crucem
933 2419 1087 2485 manibus
1109 2423 1344 2484 tenentem·ac
1368 2418 1614 2483 deosculantem
1636 2416 1727 2481 vul.

655 2545 735 2588 nera
751 2521 922 2601 crucifixi,
936 2521 1195 2608 praecordialiter
1211 2543 1283 2586 cum
1307 2520 1450 2585 lacrimis
1473 2516 1642 2586 orantem¹
1668 2517 1727 2583 de.

655 2631 707 2691 tot
729 2623 1001 2690 tribulationibus
1021 2647 1042 2687 a
1056 2624 1126 2689 Deo
1150 2624 1314 2711 percipere
1337 2622 1600 2688 consolationem.
1645 2620 1728 2685 Ra..

654 2728 744 2814 galas
766 2734 879 2792 autem
910 2727 1099 2792 frendentes
1131 2726 1168 2791 in
1200 2749 1286 2804 eum,
1309 2726 1465 2791 atrociter
1494 2747 1570 2790 eum
1592 2724 1705 2810 arripi·
1720 2770 1727 2783 .
1744 2730 1882 2813 swerd.

655 2836 747 2896 entes
770 2836 805 2895 et
838 2829 982 2896 fustibus
1016 2852 1102 2909 cum,
1126 2851 1202 2893 cum
1238 2829 1307 2894 suis
1339 2828 1507 2906 ministris,
1530 2851 1569 2893 ac
1590 2826 1727 2915 pugnis.
1753 2814 1789 2852 ’γ’
1803 2804 1864 2852 ²⁷⁵·

654 2934 754 3019 impie
777 2932 944 2998 caedentes
967 2937 1002 2997 et
1024 2931 1193 3018 pellentes,
1218 2933 1382 2997 reducunt
1404 2931 1447 2996 ad
1470 2931 1650 3009 castellum,
1674 2935 1709 2994 et

655 3035 800 3122 graviori
823 3034 983 3100 custodiae
1007 3055 1107 3120 quam
1131 3034 1222 3121 prius
1245 3055 1363 3100 caesum
1388 3033 1610 3127 committunt.

1352 3205 1368 3237 Ο

740 3307 790 3374 Dc
813 3308 1009 3376 carminalia
1035 3305 1300 3376 Saresbirieosis
1323 3315 1352 3376 et
1376 3307 1630 3377 tonde-nicasia
1709 3308 1714 3326 '

1060 3411 1305 3499 episcoporum.

489 3568 591 3648 nobes,
606 3570 647 3634 hp.
706 3562 771 3627 Res
793 3568 904 3627 autem
934 3567 1030 3649 gesta
1063 3582 1139 3627 eum
1167 3561 1210 3626 ad
1233 3583 1328 3626 aures
1359 3562 1506 3640 Roberti,
1531 3562 1885 3643 &restim-Regnent.

489 3638 605 3762 pasuri·
661 3666 748 3731 ensis
762 3665 912 3752 episcopi,
928 3664 1140 3751 pervenisset,
1157 3665 1251 3730 venit
1272 3664 1443 3732 celeriter2
1465 3667 1509 3731 ad
1531 3667 1709 3746 castellum,

490 3770 617 3820 tumens
661 3767 852 3855 praecipiens
890 3767 970 3854 ipsis
1002 3767 1145 3834 ecclesiae
1186 3767 1412 3845 violatoribus,
1449 3774 1488 3834 ut
1512 3770 1709 3835 -Hubertum

490 3846 629 3953 ξζῃῇξζζξ
661 3872 705 3935 ad
730 3893 842 3957 pacem
873 3870 1014 3936 eeclesiae
1035 3870 1232 3957 quantocius
1261 3871 1443 3948 reductum,
1466 3872 1503 3936 in
1533 3870 1591 3936 illo
1617 3877 1723 3948 statu·

491 3970 625 4086 ἷξθνῑῐῖῑῐί·
661 3995 727 4059 quo
765 3973 859 4037 illum
896 3972 1102 4051 invenerant,
1142 3973 1351 4039 dimitterent
1388 3973 1585 4040 absolutum.
1646 3972 1722 4050 sed,

490 4051 594 4156 cffir,
618 4052 633 4087 θ
661 4075 832 4141 castellani
854 4075 1058 4142 tumultuose
1081 4076 1164 4141 satis
1186 4076 1335 4164 episeopo
1360 4079 1596 4165 respondentes
1618 4077 1723 4149 dixer

660 4183 751 4254 runt,
782 4199 816 4242 se
848 4178 948 4244 malle
982 4179 1071 4265 quod
1104 4177 1278 4245 Hubertus
1314 4181 1576 4266 suspenderetur,
1611 4200 1711 4266 quam

662 4280 732 4368 ipsi.
779 4281 826 4345 Et
849 4302 923 4347 cum
953 4280 1061 4369 ipsum
1091 4281 1245 4347 reducere
1267 4282 1457 4361 noluissent,
1480 4284 1647 4370 episcopus
1670 4281 1712 4347 de

658 4383 835 4457 ,commissa
857 4384 922 4452 sibi
944 4389 1112 4472 potestate
1136 4407 1247 4451 omnes
1269 4387 1468 4451 nominatim
1490 4386 1712 4452 excommuni-

493 4499 647 4572 Heobau'm
664 4488 763 4565 eavit,
786 4488 844 4574 qui
866 4509 942 4553 eum
962 4488 1169 4571 detinebant,
1193 4493 1228 4554 et
1261 4488 1320 4575 qui
1354 4489 1390 4554 in
1421 4511 1496 4555 eum
1519 4511 1639 4555 manus
1661 4489 1711 4553 in·

493 4571 640 4689 fflffiff
659 4590 807 4677 jecerant
829 4590 1000 4656 violentas.
1046 4590 1140 4656 Tunc
1172 4589 1341 4679 episcopus
1363 4592 1428 4670 ille,
1452 4592 1625 4679 conjuncto
1648 4565 1725 4658 sibi'

629 4675 637 4700 ’
664 4693 801 4780 Rogero,
825 4693 1048 4759 Londoniensi
1079 4693 1240 4781 episeopo,
1264 4700 1299 4760 et
1329 4694 1528 4781 quibusdam
1549 4695 1623 4762 aliis
1644 4695 1712 4781 epi·

662 4796 777 4883 scopis,
811 4797 905 4863 venit
937 4797 981 4861 ad
1014 4818 1134 4884 regem,
1157 4819 1254 4884 super
1275 4797 1398 4884 injuria
1429 4798 1584 4865 Huberto
1619 4799 1713 4863 illata

661 4922 769 4969 coram
792 4922 831 4966 eo
854 4899 1020 4986 querelam
1052 4900 1227 4987 deponens,
1250 4923 1310 4967 nec
1340 4903 1432 4990 prius
1453 4902 1496 4968 ab
1519 4924 1558 4969 eo
1579 4903 1712 4969 recessit

1749 3644 1784 3696 iv.
1797 3650 1856 3698 275.

674 5074 895 5084 aum-

694 5189 702 5220 ¹
719 5187 840 5255 ererum]
852 5185 946 5240 Added
956 5186 984 5239 in
995 5202 1075 5255 marg.
1178 5187 1186 5264 Ι
1212 5169 1216 5177 ’
1239 5188 1383 5261 ’σεῖο-ἑθεν]
1396 5192 1530 5257 sceleriter,
1543 5192 1600 5246 MS.
