4517 6425
738 1163 804 1237 372
864 1180 1028 1231 uamnnr
1052 1177 1266 1230 raarsruusrs
1289 1176 1452 1228 ursronm
1471 1177 1670 1229 morosum

568 1372 638 1423 AJ).
653 1363 795 1425 assatus
818 1357 988 1424 Passeleue
1010 1357 1099 1445 apud
1126 1357 1262 1423 Novum
1285 1355 1458 1443 Templum
1480 1354 1617 1434 dilituit,
1639 1354 1806 1441 graviter.

567 1454 627 1505 Μ
638 1452 721 1516 ΡΜ
739 1460 944 1529 infirmatus.¹

568 1521 599 1572 of
605 1522 699 1584 refuge.

795 1754 899 1841 Huqc
925 1753 966 1820 de
992 1698 1184 1821 i'uteslrullc
1208 1751 1326 1838 sactus
1351 1759 1398 1820 cst
1425 1750 1661 1819 thesaurariam
1690 1751 1730 1817 de
1799 1819 1807 1833 ,

1175 1877 1349 1923 acucrurw.

571 2035 691 2100 nugare
789 2012 988 2100 Reprobatis
1009 2012 1113 2099 igitur
1135 2011 1259 2093 multis,
1285 2033 1367 2099 quos
1389 2016 1468 2078 ante
1489 2033 1549 2078 rex
1571 2017 1791 2101 promoverat,

572 2101 721 2219 ξζᾎῗᾟξ
744 2119 826 2185 alios
848 2118 884 2182 in
907 2117 1020 2183 officiis
1043 2117 1157 2183 arduis
1180 2117 1381 2206 subrogavit.
1427 2118 1579 2206 Repulsis
1600 2117 1705 2205 igitur
1718 2124 1809 2183 tam.

571 2235 732 2286 amuofthe
745 2222 891 2287 Roberto
914 2220 1085 2285 Passeleue
1107 2242 1207 2305 quam
1230 2221 1380 2307 episcopo
1403 2219 1609 2285 Karleolensi
1632 2220 1791 2302 Waltero,
1828 2232 1831 2237 '

572 2302 719 2367 exchequer.
745 2326 923 2412 Hugonem
947 2323 987 2387 de
1011 2322 1207 2400 Pateshulle,
1243 2322 1396 2389 clericum
1419 2324 1613 2410 prudentem
1637 2329 1672 2388 et
1693 2345 1790 2409 gene·
1808 2329 1833 2340 “’

743 2450 854 2495 rosum
886 2449 924 2492 ac
959 2426 1124 2505 divitem,2
1156 2426 1199 2491 ad
1233 2427 1384 2493 scaccarii
1418 2426 1559 2492 officium
1591 2426 1833 2493 thesaurarii.‘

740 2531 881 2599 vocavit.

768 2820 884 2888 comes
906 2818 1107 2885 Britannice
1125 2818 1269 2906 penitus
1291 2818 1423 2886 recessit
1444 2843 1467 2886 c
1488 2842 1564 2908 repe
1585 2822 1789 2907 duplorum.

573 2999 680 3057 Walter,
790 2977 979 3063 Eodemque
1014 2998 1100 3041 anno
1132 2999 1239 3043 eomes
1262 2977 1446 3045 Britanniae
1471 2980 1646 3060 Walterus,
1671 3003 1790 3069 cogno·

571 3073 649 3118 count
658 3065 689 3114 ⁰s
746 3079 881 3146 mento³
905 3079 1076 3161 Mauclerc,
1094 3080 1195 3165 juxta
1223 3081 1530 3168 interpretationem
1560 3084 1811 3172 cognomentis

573 3136 711 3251 {iiiiii}
746 3206 861 3252 versus
883 3184 918 3249 in
942 3204 1053 3249 arcum
1075 3205 1224 3271 pravum,
1248 3184 1407 3271 spoliatus
1429 3186 1582 3254 omnibus
1606 3189 1701 3255 bonis
1722 3189 1791 3256 suis

572 3269 732 3334 ¹¹¹³¹¹⁰¹¹¹³⁸⁰·
746 3312 804 3377 per
837 3309 946 3376 regem
971 3288 1183 3369 Francorum,
1213 3294 1389 3376 postquam
1418 3295 1603 3359 extorserat
1633 3293 1791 3380 quioquid

742 3392 853 3480 potuit
874 3390 1021 3478 pecuniae
1036 3391 1177 3456 diversis
1199 3392 1405 3479 argumentis
1427 3414 1448 3457 a
1469 3415 1546 3480 rege
1569 3395 1709 3484 Angliae,
1732 3419 1811 3485 per.
1828 3408 1950 3462 mwem

741 3494 967 3562 internuncios
989 3493 1095 3559 eidem
1119 3494 1190 3580 regi
1212 3493 1397 3580 Anglorum
1432 3494 1577 3562 reddidit
1599 3497 1790 3586 homagium
1837 3478 1940 3529 ΜΠ·

741 3621 848 3676 suum,
872 3597 961 3684 quod
983 3596 1014 3661 ei
1036 3596 1165 3684 pridem
1187 3596 1316 3661 fecerat.
1363 3597 1408 3663 Et
1433 3619 1494 3663 rex
1515 3599 1604 3687 cepit
1629 3601 1667 3666 in
1688 3623 1790 3668 manu

741 3725 801 3767 sua
823 3702 935 3766 omnia
944 3700 1023 3787 jura
1045 3700 1175 3765 comitis
1198 3699 1382 3766 Britanniae
1404 3701 1440 3765 in
1455 3702 1587 3790 Anglia,
1603 3710 1639 3770 et
1652 3704 1791 3772 honores

742 3805 784 3871 ad
819 3805 913 3869 iilum
947 3807 1139 3889 spectantes
1201 3801 1318 3871 Comes
1348 3824 1427 3869 vero
1457 3804 1573 3870 videns
1610 3807 1698 3872 mala
1726 3809 1812 3874 sibi.

742 3908 861 3973 diatim
875 3905 1099 3993 multiplicari,
1121 3906 1157 3971 in
1172 3906 1279 3993 seipso
1302 3906 1479 3987 tabescens,
1504 3931 1562 3996 per
1584 3931 1674 3976 mare
1695 3933 1810 3998 para--

742 4011 794 4075 vit
816 4009 952 4075 insidias
974 4008 1218 4086 mercatoribus,
1241 4008 1351 4096 pirata
1371 4009 1478 4076 factus
1500 4011 1701 4080 execrabilis
1801 4051 1812 4074 .

1676 4182 1789 4191 *—

745 4287 790 4350 ing
807 4284 942 4336 uhichrre
956 4285 1055 4335 readas
1070 4284 1188 4335 follows:
1217 4282 1246 4334 de
1290 4284 1716 4354 quummilitioe.Simi1iterqaoque,
1751 4290 1791 4344 cs,

747 4376 912 4444 Septenaria
927 4383 950 4424 et
966 4373 1124 4425 manducaret
1134 4375 1246 4441 sortunae
1290 4365 1381 4416 Wessd·
1397 4365 1431 4416 iv·
1444 4371 1501 4417 312·

745 4469 832 4520 talaris
841 4470 879 4533 (i)
890 4475 1001 4528 rectator,
1013 4469 1037 4516 in
1044 4466 1144 4519 matema
1155 4476 1246 4519 sancta
1324 4446 1330 4476 ¹
1350 4445 1499 4513 ’Μ’ΜΜ]
1512 4445 1670 4510 immam,
1680 4449 1737 4501 MS·

745 4562 848 4621 Maria,
864 4559 963 4621 scilicet,
987 4559 1126 4627 ud[b]ucr'a
1146 4563 1246 4610 aaroni·
1290 4525 1488 4669 inznlgugqmm
1569 4527 1679 4594 divim]
1699 4528 1793 4581 Added

1001 4747 1006 4757 .
1325 4685 1510 4750 ’coynomenrnj
1527 4695 1719 4750 eouguomento,
1734 4690 1790 4741 MS.

744 4755 815 4796 “m'‘
828 4747 882 4811 istm
906 4744 1019 4808 ΜΘΝ)
1041 4745 1163 4807 ⁶⁰”fidm
1176 4745 1246 4812 ΡΜ·
1324 4764 1332 4792 ‘
1349 4764 1506 4830 eoqnomenri]
1520 4768 1707 4830 eongnomenti,
1723 4768 1779 4819 Ms.

743 4672 822 4704 caram
835 4653 1008 4720 leyecestriae,
1019 4652 1135 4712 latitavit,
1146 4661 1170 4704 et
1177 4652 1246 4704 cleri-
