4517 6425
870 1209 918 1259 mr
940 1210 1225 1261 immansurum
1247 1210 1429 1263 memus.
1632 1196 1675 1270 79

621 1390 707 1451 esset
753 1383 938 1464 habiturus,
989 1384 1018 1449 si
1063 1407 1173 1471 regem
1213 1386 1394 1453 Ricardum
1431 1389 1675 1476 supervixisset.
1688 1398 1757 1453 An.
1772 1406 1844 1481 1199.

459 1503 504 1554 fol.
519 1508 591 1554 saa.
623 1487 824 1555 constancia
850 1492 1023 1576 praeterea,
1048 1494 1155 1555 mater
1179 1490 1329 1572 Arthmi,
1357 1491 1400 1556 ad
1430 1514 1540 1580 regem
1572 1493 1676 1557 Fran·
1689 1492 1823 1574 Anausis

613 1614 734 1657 corum
759 1592 899 1658 Turonis
922 1592 1067 1671 veniens,
1089 1592 1231 1658 tradidit
1255 1595 1286 1659 ei
1309 1594 1505 1674 Arthurum,
1533 1596 1612 1682 quia
1635 1566 1837 1680 deffiffifsi

603 1718 662 1763 -eo
689 1695 830 1761 sollicita
861 1695 936 1762 fuit.
983 1696 1090 1777 Quem
1119 1719 1180 1761 rex
1218 1698 1375 1762 continuo
1406 1698 1498 1764 misit
1529 1697 1842 1810 Parisiusfgdwfthe

602 1800 837 1876 ·educandum,
876 1799 1121 1865 informandum
1160 1805 1194 1865 et
1224 1801 1485 1883 custodiendum,
1516 1764 1794 1890 aecipiensffiffic‘ig

621 1903 659 1968 in
682 1925 783 1968 manu
806 1925 867 1969 sua
890 1901 1044 1969 civitates
1068 1925 1182 1969 omnes
1210 1907 1244 1969 et
1268 1904 1409 1984 castella,
1436 1928 1510 1993 quse
1535 1906 1676 1972 Arthuri

622 2011 726 2072 erant.
789 2006 863 2087 Quo
900 2005 1024 2086 audito,
1057 2027 1165 2071 comes
1202 2005 1372 2072 Johannes
1402 2012 1437 2073 et
1469 2013 1576 2074 mater
1605 2009 1675 2095 ejus
1687 2016 1757 2067 John

622 2110 736 2197 regina
759 2109 919 2175 Alienora
953 2108 1039 2187 irati,
1069 2110 1218 2175 exercitu
1249 2111 1377 2198 copioso
1417 2112 1536 2199 stipati
1571 2087 1811 2214 Oeno-ffiaffi

623 2213 792 2277 manniam
821 2213 1002 2290 venientes,
1033 2212 1205 2278 civitatem
1236 2219 1270 2278 ct
1300 2215 1472 2280 castellum
1510 2221 1816 2302 ceper-unamque

604 2316 801 2403 ,domosque
834 2316 870 2381 in
905 2338 943 2380 ea
970 2316 1116 2403 lapideas
1151 2316 1385 2383 subverterunt
1420 2324 1453 2384 et
1476 2319 1564 2384 cives
1587 2342 1675 2384 coar·
1688 2288 1803 2353 theaty.

625 2419 753 2499 tabant,
786 2440 823 2484 eo
858 2418 948 2505 quod
970 2419 1119 2484 Arthuro
1142 2418 1358 2502 adhaeserant,
1394 2425 1428 2488 et
1460 2421 1583 2487 multos
1614 2422 1676 2486 sub

625 2520 777 2589 carcerali
800 2521 951 2588 custodia
972 2522 1187 2590 recluserunt.

688 2814 800 2883 Oomcs
821 2815 999 2885 Johaaoes
1022 2816 1188 2886 draconun
1210 2818 1443 2888 Noouaaaaice
1465 2820 1619 2908 suscepit.

438 2984 613 3050 Rogmoi
671 2968 788 3035 Comes
811 2992 890 3035 vero
913 2970 1159 3058 Rothomagum
1182 2973 1318 3039 veniens
1340 2974 1378 3039 in
1393 2973 1519 3040 octabis
1534 2973 1676 3053 Paschae,
1688 2982 1845 3066 Heassumes

468 3054 508 3104 ¹¹³·
525 3058 586 3103 ¹³⁸·
624 3072 735 3160 gladio
757 3073 897 3139 ducatus
919 3075 1083 3141 accinctus
1109 3081 1160 3141 est
1191 3099 1248 3163 per
1279 3076 1502 3143 ministerium
1525 3051 1827 3172 Walteri,{lffjssl'l‘he

625 3176 899 3264 Rothomagensis
921 3178 1165 3267 archiepiscopi,
1180 3180 1216 3247 in
1231 3181 1367 3247 matrice
1389 3181 1540 3263 ecclesia;
1564 3180 1651 3268 [ubi]
1665 3179 1673 3218 ¹
1688 3185 1772 3252 duehy
1783 3190 1814 3238 0f

625 3281 735 3368 posuit
772 3282 861 3348 idem
898 3283 1159 3371 archiepiscopus
1195 3285 1230 3350 in
1269 3285 1375 3372 capite
1413 3286 1484 3371 ejus
1518 3286 1675 3351 circulum
1687 3253 1843 3389 Νξζῗίἶῗῖ·

440 3396 613 3477 ngwend.
625 3407 769 3461 aureum,
786 3386 963 3452 habentem
985 3386 1023 3452 in
1046 3388 1238 3454 summitate
1260 3410 1318 3475 per
1339 3389 1449 3476 girum
1472 3390 1596 3454 rosulas
1618 3412 1676 3454 au·
1778 3357 1793 3404 p
1829 3380 1834 3391 ’

466 3467 505 3516 ³¹⁵·
523 3469 583 3514 ¹³⁹·
625 3511 704 3556 reas
750 3489 868 3556 Comes
902 3491 1007 3576 igitur
1036 3490 1106 3575 jam
1135 3492 1205 3556 dux
1227 3491 1343 3568 factus,
1366 3513 1475 3557 eoram
1498 3492 1618 3579 populo
1641 3497 1676 3558 et

624 3593 710 3658 clero
727 3592 858 3678 juravit
881 3615 981 3681 super
1011 3594 1168 3680 reliquias
1199 3617 1310 3660 omnes
1342 3596 1484 3661 ecclesiae
1518 3602 1552 3660 et
1576 3617 1676 3661 evan-

606 3694 772 3784 .gelium,²
803 3696 919 3761 addito
963 3698 1035 3784 ipso
1069 3696 1193 3762 Christi
1225 3719 1367 3784 corpore,
1405 3698 1492 3784 quod
1526 3704 1675 3764 sanctam

625 3799 793 3865 ecclesiam
828 3802 863 3864 et
905 3798 977 3884 ejus
1009 3800 1190 3885 dignitates
1212 3800 1300 3866 bona
1322 3801 1388 3866 fide
1411 3799 1609 3879 defenderet,
1640 3807 1674 3867 et

623 3902 694 3988 ejus
716 3903 887 3967 ordinatos
908 3902 1104 3983 honoraret3
1127 3909 1162 3969 et
1184 3905 1272 3989 quod
1287 3904 1374 3992 leges
1397 3905 1535 3992 iniquas,
1550 3907 1579 3970 si
1600 3928 1674 3992 quae

624 4011 741 4087 essene,
764 4007 957 4084 destrueret,
981 4008 1085 4072 bonas
1108 4007 1324 4093 subrogando,

907 4298 1099 4388 Episcopus
1123 4300 1385 4368 Loadoru'aasis.
1685 4313 1806 4377 william,

1688 4397 1769 4431 canon
1781 4386 1810 4433 of

445 4463 633 4532 Rogwend„
672 4447 861 4534 Eodemque
892 4452 1040 4536 tempore
1064 4449 1258 4526 Willelmus
1283 4449 1505 4529 Normannus,
1531 4452 1674 4519 eeclesiae
1688 4448 1724 4498 St·
1737 4449 1831 4513 Paula,

471 4534 510 4584 ¹¹³·
525 4537 587 4583 ¹³⁹·
627 4550 743 4616 Sancti
766 4550 859 4615 Pauli
895 4553 1079 4631 canonicus
1115 4553 1353 4619 londoniensis
1385 4561 1589 4622 consecratus
1624 4530 1823 4646 estiddffif

627 4655 773 4732 antistes,
797 4677 828 4719 x.
850 4654 1008 4721 kalendas
1024 4656 1127 4721 Junii.
1686 4649 1814 4801 ngdpppy

744 4822 809 4827 -.-..
1123 4824 1368 4832 ------

689 4933 742 4999 uti]
762 4935 881 5000 Supplied
895 4936 960 4986 from
971 4935 1013 4987 W.
1025 4937 1055 4987 B.
1068 4937 1096 4988 C.
1145 4936 1150 5002 Ι
1202 4928 1378 5002 *ar-unqeuum]
1399 4937 1648 5001 euuangelium,MS.
