4517 6425
641 1183 705 1247 164
760 1194 925 1246 uirium
948 1193 1160 1243 marsmusrs
1184 1191 1349 1242 aaronis
1373 1190 1573 1241 monoaou.

474 1379 542 1432 Ad).
558 1371 766 1437 nubentis
788 1375 822 1436 et
853 1367 1041 1436 Flandriae¹
1069 1373 1212 1434 catervae
1244 1366 1467 1446 detestabiles,
1490 1365 1607 1431 alienis
1640 1365 1711 1431 in·.

640 1476 780 1554 hiantes,
802 1474 986 1560 proditores
1017 1471 1201 1557 abjudicati
1226 1477 1261 1536 et
1290 1470 1411 1545 exules,
1433 1469 1554 1555 quibus
1584 1467 1711 1555 patria.

641 1577 818 1643 interdicta
838 1576 912 1652 sirit,
937 1581 972 1641 et
994 1575 1139 1641 exilium.
1186 1572 1315 1653 Quibus
1337 1571 1501 1660 praeerat⁹
1516 1571 1713 1647 Walterus„

643 1677 880 1767 cognoment0³
895 1678 974 1754 Buc,
987 1677 1148 1743 Girardus
1164 1678 1205 1742 de
1221 1674 1414 1763 Sottingni⁴
1428 1680 1463 1740 et
1476 1673 1694 1740 Godescallvn.

477 1798 587 1847 Thebe·
645 1783 776 1851 Obsessi
799 1788 913 1847 autem
934 1780 1047 1847 hostes
1068 1780 1278 1865 insurgentes
1299 1777 1466 1844 viriliter³
1488 1777 1713 1865 repellentes„

477 1865 568 1982 {iffi
644 1884 899 1952 innumerabiles
921 1904 1033 1949 eorum
1056 1882 1100 1949 ad
1122 1882 1263 1949 Tartara
1284 1880 1544 1947 transmiserunt.

479 1997 628 2049 themselves

479 2065 589 2133 brovely.

679 2131 727 2196 Dc
749 2127 978 2199 submersione
1000 2126 1164 2214 Hssooais
1186 2127 1288 2194 Boves
1310 2134 1341 2193 et
1363 2148 1489 2207 omnim,
1513 2147 1662 2214 quorum

1033 2230 1105 2317 ipsc
1127 2230 1201 2296 dus
1216 2230 1301 2317 fuit.

479 2390 600 2456 Hughde
690 2380 815 2446 Praeter
837 2386 949 2446 autem
972 2379 1174 2466 alienigenas
1197 2379 1461 2465 praenominatos,
1484 2379 1578 2444 venit
1594 2377 1864 2467 Hugosqgweno

478 2458 625 2591 {2233}
644 2483 684 2549 de
716 2482 831 2563 Boves,
864 2483 957 2548 miles
991 2487 1145 2547 strenuus
1183 2482 1240 2547 sed
1277 2482 1427 2566 proditor
1458 2486 1493 2547 et
1527 2482 1693 2568 superbus,
1735 2460 1838 2506 ΜΞ·

477 2592 597 2657 soeship·
644 2592 779 2651 vocatus
800 2586 837 2650 in
858 2586 946 2672 regis
967 2585 1193 2669 adjutorium
1215 2585 1270 2650 oui
1291 2605 1350 2671 per
1371 2589 1497 2649 cartam
1519 2607 1612 2649 snam
1635 2606 1714 2650 rex.

477 2660 599 2713 mm
644 2689 764 2754 multas
786 2688 1002 2775 possessiones
1024 2688 1226 2775 promiserat.
1273 2687 1444 2774 Ingressus
1459 2688 1562 2774 igitur
1576 2709 1714 2751 navem.

643 2813 717 2855 cum
751 2791 967 2856 multitudine
997 2790 1101 2877 gravi,
1136 2789 1272 2854 suborta
1303 2795 1501 2876 tempestate
1534 2788 1713 2869 horribili„

642 2916 717 2980 quae
748 2893 921 2958 manifeste
955 2894 1038 2958 iram
1071 2892 1223 2956 divinam
1256 2913 1329 2957 cum
1362 2892 1488 2958 ultione
1516 2891 1714 2967 indicabat„

642 2998 677 3062 in
709 2996 794 3060 mari
825 2993 1012 3061 commot0⁰
1043 3017 1117 3060 cum
1152 3000 1225 3061 tota
1255 3017 1316 3060 sua
1348 2994 1479 3082 sequela
1508 2995 1713 3061 submersus.

641 3100 749 3186 periit,
784 3099 820 3163 in
855 3097 984 3164 inferno
1018 3103 1175 3184 perpetuo
1210 3097 1413 3163 cruciandus
1474 3098 1520 3163 Et
1549 3097 1715 3185 projecta.

641 3202 778 3268 suntin
804 3200 888 3269 sicco
911 3223 1007 3267 suum
1030 3207 1065 3266 et
1088 3200 1227 3266 aliorum
1259 3201 1418 3267 cadavera
1449 3200 1592 3280 infinita,
1615 3223 1714 3288 quo.

642 3327 717 3370 rum
749 3304 855 3382 festor,
879 3306 957 3391 quia
987 3304 1161 3369 inhumata
1190 3304 1355 3390 jacebant,
1387 3325 1464 3369 sera
1496 3303 1714 3370 inficiebant..

643 3408 788 3494 Datique
811 3413 890 3472 sunt
916 3407 1020 3472 beluis
1054 3407 1162 3486 maris,
1185 3407 1301 3473 bestiis
1323 3411 1429 3488 une,
1454 3414 1488 3473 et
1510 3407 1582 3472 coeli
1606 3407 1695 3473 vola-

642 3510 758 3577 tilibus
782 3510 911 3576 circiter
933 3509 1168 3598 quadraginta
1187 3509 1281 3575 milia
1313 3510 1494 3589 hominum,
1520 3532 1580 3576 nec
1610 3532 1695 3575 rinus

644 3614 684 3679 de
706 3614 779 3693 biis,
801 3615 858 3701 qui
880 3630 982 3680 naves
1003 3613 1229 3692 ascenderunt,
1253 3613 1367 3680 evasit.

659 3870 709 3936 Do
732 3869 887 3956 captione
916 3869 1020 3936 castri
1045 3869 1206 3956 Rosonms
1231 3877 1261 3937 ct
1290 3869 1495 3937 oososmsm
1521 3870 1564 3937 iro
1587 3870 1672 3957 ipso,
1696 3875 1701 3883 '

932 3978 962 4037 ct
985 3992 1102 4038 ooswm
1126 3973 1403 4040 incarceratione.

477 4132 633 4185 Thebarum
690 4121 814 4187 Eodem
837 4127 984 4210 tempore
1006 4121 1292 4188 conturbabantur
1306 4122 1535 4190 vehementer⁷
1555 4125 1713 4196 barones.
1732 4143 1848 4210 csRog.

477 4209 503 4251 at
513 4200 621 4252 London

477 4281 520 4316 nra
530 4268 580 4317 dis-

476 4335 573 4386 turned.
645 4328 808 4414 pressione
834 4327 1042 4404 inclusorum,
1065 4328 1193 4414 quibus,
1217 4329 1316 4394 tactis
1339 4329 1542 4418 evangeliis,⁸
1560 4332 1696 4417 jurave·

644 4434 729 4510 rant
746 4431 835 4517 quod
857 4431 886 4495 si
908 4430 1099 4516 contigisset
1120 4431 1208 4519 ipsos
1230 4431 1381 4513 obsideri,
1397 4433 1461 4520 ipsi
1481 4436 1697 4501 communiter

644 4533 796 4599 omnibus
811 4532 937 4599 collatis
952 4532 1081 4598 viribus
1104 4534 1318 4601 subvenirent
1340 4536 1483 4602 obsessis.
1531 4536 1713 4605 Robertus.

646 4224 826 4290 Londoniis
848 4230 1085 4291 commorantes
1108 4225 1148 4290 de
1172 4225 1342 4292 obsidione
1368 4233 1556 4308 memomta
1581 4235 1615 4294 et
1638 4251 1714 4316 op-‚
1734 4211 1841 4329 {⁰3¹ss

678 4760 684 4788 ¹
698 4765 722 4807 et
731 4755 874 4821 Flondrioe]
895 4755 988 4807 Added
999 4754 1026 4803 in
1039 4770 1118 4824 marg.
1225 4757 1235 4785 ³
1246 4755 1323 4806 hostes
1334 4794 1341 4806 .
1355 4792 1362 4806 .
1374 4794 1380 4806 .
1391 4755 1508 4824 viriliter]
1528 4759 1559 4810 E.
1571 4762 1651 4817 reads.
1669 4761 1694 4809 iu

676 4835 823 4903 *proeroq
843 4835 878 4885 So
895 4836 947 4885 also
958 4834 998 4894 a..
1018 4835 1064 4885 but
1080 4850 1147 4899 proe·
1192 4833 1271 4884 Ιιωίιε
1299 4837 1450 4901 insurqestes
1477 4845 1501 4887 et
1523 4836 1626 4888 viriiiter
1648 4855 1695 4900 eos,

643 4925 715 4970 erant
724 4916 809 4967 would
820 4929 887 4966 seem
900 4913 1045 4979 preferable.
1190 4913 1276 4964 which
1287 4928 1392 4978 appears
1403 4931 1472 4967 mora
1483 4926 1586 4968 correct

677 4999 686 5028 ¹
696 4994 858 5062 cognomento]
878 5000 1072 5060 congnomenta
1089 4994 1147 5046 MS.
1224 4995 1368 5061 ‘cosmam
1388 4996 1431 5046 On
1441 5011 1474 5046 sn
1486 5011 1593 5048 erasure.

677 5075 836 5141 ‘Souioqnfl
867 5073 976 5132 Soceinl,
995 5073 1057 5131 W.;
1076 5074 1144 5125 Soti·
1226 5072 1405 5140 'vehementer]
1425 5076 1609 5138 vehsementer,
1621 5077 1678 5129 MS.

644 5157 696 5220 nni,
708 5155 738 5207 B.
747 5155 775 5206 C.
790 5176 797 5215 5
816 5152 924 5213 Sotinhi
936 5152 966 5203 Ε.
1224 5151 1388 5220 'evronqeiiid
1408 5155 1573 5222 euuangeliis
1585 5155 1641 5210 MS.
