4517 6425
587 1169 652 1235 286
724 1181 894 1235 usrrnnr
916 1182 1129 1233 mmsrrusrs
1150 1182 1313 1232 euroram
1335 1182 1535 1233 suenorum

588 1511 639 1579 De
661 1510 791 1579 mmtc¹
807 1509 958 1579 accarca·
980 1510 1021 1579 dc
1035 1509 1195 1592 Marieco,
1211 1508 1360 1599 episcopi
1374 1509 1640 1577 Romamne?

418 1676 547 1758 nothos
631 1675 755 1741 Eodem
790 1696 921 1762 quoque
954 1696 1042 1740 anno
1076 1674 1237 1739 Ricardus
1271 1673 1313 1738 de
1338 1671 1487 1752 Mariseo,
1513 1671 1808 1763 Dunel·Rog.wend.

417 1745 574 1872 fflfcssw
587 1778 707 1843 mensis
730 1777 911 1865 episeopus,
927 1777 1007 1843 dum
1029 1778 1065 1841 in
1088 1798 1194 1854 eausa,
1210 1796 1310 1863 quem
1325 1781 1442 1842 eontra
1463 1775 1638 1842 monachos
1678 1767 1712 1804 ι’·
1727 1758 1781 1804 ¹²⁶·

416 1879 458 1942 be·
470 1879 502 1929 or
507 1879 575 1929 Dur·
586 1900 663 1944 suos
684 1878 891 1955 indefessus³
914 1884 1102 1967 persecutor
1128 1878 1257 1967 agebat,
1282 1879 1324 1944 ad
1348 1878 1435 1944 diem
1459 1878 1658 1945 Londoniis.

417 1944 485 1996 ham.
586 1982 807 2048 constitutum
829 2003 904 2047 cum
929 1980 1103 2047 tumultu⁴
1125 1982 1239 2047 valido
1273 1981 1419 2067 plurium
1443 1981 1637 2069 legistamm

585 2084 796 2152 reboantium
836 2086 1034 2172 properavit.
1095 2085 1150 2165 Et,
1191 2085 1270 2149 dum
1302 2085 1391 2172 apud
1422 2085 1571 2173 Burgum
1600 2085 1671 2150 inc
1698 2095 1797 2162 eltog.

585 2188 723 2253 abbata
743 2188 978 2276 hospitaretur,
1000 2187 1111 2253 subito
1133 2188 1169 2252 in
1191 2187 1264 2273 ipsa
1287 2193 1383 2254 noae
1407 2188 1655 2258 assemsum.
1672 2162 1806 2281 {lete

585 2290 761 2379 expiravit.
803 2290 909 2378 Cujus
923 2311 1042 2378 corpus
1057 2288 1262 2356 Dunelmum
1283 2290 1320 2354 in
1342 2289 1457 2356 lectica
1478 2291 1657 2371 delatum„
1723 2267 1731 2291 ’

584 2391 708 2460 ibidem
730 2394 766 2459 in
789 2394 933 2482 capitulo
956 2394 1122 2482 sepultum
1144 2396 1202 2459 est.
1234 2392 1381 2458 Obtenta
1403 2392 1509 2480 igitur
1524 2416 1545 2458 a
1559 2416 1656 2482 rege.

583 2495 718 2568 lieentia
750 2495 854 2561 alium
881 2496 1067 2583 episcopum
1106 2495 1177 2561 loco
1209 2494 1280 2582 ejus
1314 2491 1482 2583 eligendi,⁰
1514 2497 1657 2583 optulit.

584 2598 632 2664 eis
654 2599 742 2665 idem
765 2620 834 2678 rex,
852 2598 1040 2685 justiciario
1055 2604 1267 2686 procurante,
1284 2597 1416 2679 Lucam,
1431 2599 1655 2685 capellanum,

584 2722 689 2782 suum,
712 2701 879 2767 instanter
901 2722 1028 2788 rogans,
1044 2705 1084 2767 ut
1098 2700 1194 2765 illum
1209 2699 1392 2787 reciperent
1405 2700 1441 2766 in
1462 2708 1635 2790 pastorem

416 2804 539 2867 wirham,
585 2803 777 2871 Conventus
798 2825 878 2869 vero
904 2808 1061 2890 reputans
1084 2825 1159 2869 enm
1185 2802 1446 2883 insufficientem,
1478 2804 1518 2870 de
1549 2827 1636 2870 com·
1649 2821 1809 2889 leoewena

415 2872 568 3000 ’γ’ἶέἓξζξ,
585 2907 679 2972 muni
701 2928 836 2973 assensu
859 2906 1029 2994 elegerunt
1055 2905 1253 2994 magistrum
1277 2905 1489 2987 Willelmum,
1506 2907 1640 2997 Wigor-
1684 2891 1712 2941 iv
1733 2896 1788 2942 ¹²⁹·

416 3006 549 3057 ‘Min
584 3005 757 3075 niensem⁷
788 3007 1062 3087 archidiaconum,
1093 3008 1204 3073 virum
1246 3008 1423 3087 idoneum,⁸
1461 3014 1495 3076 et
1526 3011 1636 3099 ipsum

415 3072 545 3139 ¹¹¹⁸p¹³⁰⁰’
585 3112 655 3199 regi
677 3117 969 3199 praesentaverunt.
1017 3111 1123 3192 Quem
1150 3133 1224 3176 cum
1246 3133 1313 3190 rer,
1342 3111 1478 3198 objectis
1501 3116 1653 3201 quibus·'

585 3217 662 3282 dam
684 3215 813 3281 frivolis
835 3211 1091 3303 exceptionibus,
1106 3221 1295 3295 recusasset,
1311 3217 1462 3282 monachi
1478 3219 1637 3305 quosdam

585 3318 627 3384 de
659 3320 828 3384 conventu
851 3317 990 3382 Romam
1021 3318 1193 3400 miserunt,
1223 3323 1262 3385 ut
1291 3319 1484 3385 electionem
1515 3320 1637 3388 factam

418 3429 464 3481 but
474 3429 574 3480 mfused
586 3421 782 3487 auctoritate
809 3419 988 3507 apostolica
1020 3421 1260 3487 confirmarent.
1306 3422 1379 3488 Rex
1409 3427 1530 3504 autem,
1561 3446 1636 3490 eum

416 3496 573 3614 miggin&
586 3522 657 3590 haeo
685 3522 914 3600 intellexisset,
949 3521 1041 3588 misit
1065 3522 1204 3588 Romam
1226 3528 1342 3590 contra
1367 3526 1544 3592 monachos
1569 3528 1638 3614 epi-

416 3631 524 3681 electiori
586 3648 719 3713 scopum
736 3625 943 3693 Cestrensem
965 3630 1000 3691 et
1026 3624 1200 3691 Lentoniae
1226 3627 1377 3713 priorem,
1393 3633 1433 3692 ut
1457 3629 1636 3695 eorundem

416 3697 565 3748 referredto

417 3763 542 3830 thepope.
585 3728 819 3794 monachorum
846 3727 1049 3816 propositum
1075 3728 1256 3794 irritarent.
1302 3729 1430 3810 Quibus
1456 3731 1516 3796 diu
1538 3731 1637 3796 alter·

585 3831 747 3910 cantibus,
776 3830 991 3917 dampnosam
1023 3830 1167 3897 eeclesiae
1197 3831 1433 3898 Dunelmensis
1466 3837 1501 3898 et
1525 3856 1657 3922 sump3

584 3939 714 4000 tussam
737 3933 823 4021 cepit
845 3933 1016 4021 negotium
1039 3932 1241 4000 dilationem

619 4259 626 4289 ¹
638 4258 724 4324 merle]
738 4258 881 4324 Originally
888 4258 987 4310 written
1000 4261 1091 4325 turpis·
1169 4263 1177 4292 ⁴
1189 4260 1303 4328 mmultuj
1322 4270 1431 4325 timultu,
1439 4263 1495 4313 MS.

583 4337 646 4387 simo
668 4346 749 4399 morte,
771 4339 818 4389 but
840 4339 982 4403 turpissimo
1005 4340 1090 4391 subse-
1167 4341 1230 4390 ὓΗε
1255 4342 1321 4402 died,
1341 4341 1446 4407 “primo
1473 4342 1514 4393 die
1543 4342 1635 4394 mensis

585 4419 690 4482 quently
701 4418 796 4468 erased.
1134 4419 1224 4482 ursii?
1234 4421 1277 4472 W.
1289 4422 1320 4472 B.
1331 4422 1360 4474 G.

617 4496 1089 4562 ’Inthemerginaredrawnemitre
1166 4499 1300 4567 ‘eliycndq
1316 4503 1470 4568 eligendum,
1482 4502 1538 4556 MS.

585 4579 636 4628 and
654 4577 749 4628 crosier
767 4578 890 4628 reversed.
926 4577 981 4627 The
1000 4579 1094 4629 footof
1166 4579 1392 4647 'Wiporniencem]
1407 4583 1439 4632 In
1449 4583 1491 4633 the
1503 4583 1601 4648 margin
1612 4582 1634 4632 is

584 4657 629 4708 the
652 4659 746 4708 erosier
765 4656 911 4707 terminetes
929 4656 956 4706 in
977 4673 1087 4722 aspect,
1132 4659 1214 4709 added
1232 4659 1265 4721 d',
1285 4660 1325 4712 ie.
1345 4661 1452 4712 dubium.
1488 4662 1536 4714 See
1553 4663 1634 4724 Fasti,

584 4737 635 4786 end
653 4751 714 4787 near
732 4737 774 4786 the
793 4736 891 4787 heedir
908 4752 940 4787 en
954 4738 1088 4788 axe-blado
1132 4737 1170 4787 iii.
1183 4743 1240 4789 285.

585 4815 703 4866 attached
714 4825 740 4867 to
751 4816 794 4865 the
805 4815 871 4866 staff.
1165 4818 1175 4846 ¹
1186 4817 1306 4885 idoneunj
1320 4820 1455 4884 ydoneum,
1468 4821 1523 4873 MS.

618 4896 628 4924 ³
640 4895 788 4961 indefessus]
807 4895 929 4957 inderem,
940 4895 996 4948 MS.
