4517 6425
670 1156 736 1229 474
796 1171 964 1229 narrum
986 1176 1199 1229 vmsmssrs
1223 1175 1385 1227 mamam
1407 1175 1607 1227 morosum

500 1349 570 1404 A.D.
584 1358 657 1408 msa
668 1347 778 1434 ipsum
800 1349 943 1436 priorem
964 1350 1139 1428 intrusum,
1155 1356 1190 1417 et
1213 1371 1326 1417 omnes
1348 1351 1454 1417 eidem
1476 1350 1718 1417 consentientes

669 1453 891 1520 anathematis
913 1453 1046 1520 vinculo
1068 1454 1250 1522 innodavit.
1298 1454 1372 1536 Quo
1404 1454 1502 1534 facto,
1524 1476 1584 1522 rex
1612 1453 1719 1541 magis

668 1555 783 1639 iratus,
804 1578 941 1625 manum
962 1580 1056 1624 suam
1078 1558 1115 1624 in
1136 1557 1246 1646 ipsum
1267 1558 1471 1648 aggravavit

668 1860 740 1931 Rea
760 1862 912 1930 maltam
933 1860 1076 1931 tomam
1108 1869 1139 1929 ct
1170 1862 1261 1929 ditat
1290 1861 1485 1942 Baeticam,
1509 1860 1720 1929 comitissam

1090 1965 1291 2035 Prooiooo’oc.

499 2124 619 2207 Honoras
713 2122 911 2210 Eisdemque
933 2122 1049 2189 diebus
1083 2123 1238 2189 dominus
1271 2144 1341 2203 rer,
1373 2144 1472 2209 supra
1507 2142 1606 2208 quam
1630 2120 1719 2187 credi

497 2195 624 2314 {fflffi
667 2233 784 2313 posset,
808 2221 994 2294 Beatrieem
1023 2225 1232 2305 comitissam,
1257 2232 1397 2292 matrem
1431 2225 1555 2292 scilicet
1586 2224 1719 2312 reginae,

501 2343 535 2407 ⁰¹3
548 2329 614 2381 Bea-
668 2353 741 2418 quae
764 2353 838 2397 cum
861 2331 985 2413 Cincia,
1009 2331 1078 2396 lilia
1109 2352 1176 2408 sua,
1201 2330 1312 2397 comiti
1348 2330 1497 2410 Ricardo,
1520 2334 1560 2394 ut
1581 2329 1717 2415 praedic-

497 2403 653 2513 amem
666 2441 739 2501 tum
773 2442 832 2516 est,
855 2434 1042 2500 maritanda
1064 2440 1202 2501 venerat
1231 2434 1268 2499 in
1290 2434 1456 2521 Angliam,
1479 2433 1657 2499 honoravit
1683 2436 1718 2499 et

498 2528 636 2588 Provenss
661 2539 940 2626 impretiabilibus
974 2538 1100 2605 ditavit
1134 2537 1334 2616 muneribus,
1358 2536 1543 2604 redditibus
1575 2542 1610 2601 ot
1645 2558 1718 2623 pos-

664 2643 869 2710 sessionibus

895 2944 1111 3032 Daoiprotar
1125 2946 1231 3033 samo
1251 2945 1476 3033 imperatorio.

498 3144 554 3196 The
567 3160 618 3197 em-
708 3130 836 3197 Diebus
858 3151 987 3218 quoque
1009 3130 1071 3195 sub
1094 3129 1218 3195 eisdem
1241 3129 1412 3196 obfirscata
1433 3135 1484 3195 est
1506 3129 1714 3218 imperatoris

496 3214 753 3334 ffifflmsama
781 3258 849 3302 non
879 3235 1093 3314 mediocriter,
1116 3240 1152 3300 et
1182 3234 1378 3301 affirmative
1409 3233 1619 3323 divulgatum
1653 3240 1713 3317 est,

495 3356 606 3427 account
665 3339 754 3427 quod
775 3360 946 3426 nunquam
976 3338 1092 3404 divina
1121 3338 1236 3405 audire
1265 3338 1413 3418 curabat,
1435 3338 1489 3404 val
1519 3338 1652 3425 aliquod
1675 3338 1716 3404 de

495 3414 633 3534 ffidox
665 3443 737 3509 Deo
759 3443 874 3510 audire
897 3443 1072 3530 eulogium,
1107 3440 1189 3529 quin
1223 3463 1343 3508 sannas
1364 3441 1419 3508 vel
1441 3442 1717 3509 contradictiones

496 3549 619 3614 01>iniom
664 3546 807 3628 faceret3
845 3567 1018 3633 nunquam
1052 3567 1154 3623 orare,
1177 3566 1347 3632 nunquam
1378 3545 1609 3611 ecclesiasticas
1642 3566 1717 3632 per·

664 3672 767 3730 sonas,
792 3657 831 3717 ut
853 3651 989 3728 deceret,
1017 3649 1178 3730 venerari,
1203 3671 1263 3716 nec
1286 3650 1388 3715 etiam
1410 3649 1534 3715 infide
1556 3647 1718 3715 catholica

664 3777 742 3821 sane
765 3755 857 3841 loqui
878 3755 933 3821 vel
956 3754 1088 3834 sentire,
1111 3754 1166 3819 vel
1197 3775 1218 3818 a
1250 3753 1427 3818 concubitu
1449 3752 1715 3819 muliercularum

664 3859 917 3925 Sarraoenarum
951 3856 1126 3922 abstinere.
1172 3855 1280 3921 Immo
1310 3857 1421 3944 potius
1453 3855 1649 3922 Sarracenos
1678 3855 1715 3922 in

662 3962 837 4050 imperium
860 3961 1004 4039 vocavit,
1026 3964 1061 4026 et
1082 3959 1235 4047 permisit
1267 3980 1322 4025 eos
1354 3959 1507 4026 civitates
1539 3965 1574 4025 et
1608 3966 1716 4027 caetra

495 4067 576 4132 Many
662 4066 833 4143 aedificare,
856 4063 1005 4130 roborari
1036 4069 1070 4129 et
1103 4062 1325 4150 multiplicari.
1372 4062 1588 4129 Recesserunt
1609 4063 1715 4151 igitur

493 4136 598 4264 {iffi
662 4168 704 4233 ab
719 4191 757 4234 eo
772 4169 871 4233 multi
886 4168 1023 4245 nobiles,
1038 4166 1203 4244 videlicet,
1219 4165 1386 4232 marchisii
1402 4167 1444 4230 de
1460 4164 1714 4232 Monte-ferrato

493 4269 627 4348 andeitiep
661 4270 759 4336 etde
782 4270 989 4357 Mala-spina,
1017 4275 1051 4335 et
1073 4270 1228 4335 civitates
1261 4291 1384 4335 aversae
1412 4274 1492 4334 sunt
1525 4270 1713 4353 abeodem,

494 4336 791 4456 deserthlmscilieet,
815 4373 980 4454 Vercellae,
1004 4372 1217 4454 Alexandria,
1241 4377 1276 4438 et
1298 4373 1414 4439 multae
1443 4372 1526 4439 aliae.
1573 4372 1614 4438 In
1636 4374 1715 4440 Ale-

659 4480 795 4545 mannia
817 4499 947 4565 quoque
969 4478 1068 4541 multi
1090 4473 1200 4542 retro¹
1217 4475 1379 4553 abierunt,
1396 4479 1430 4540 et
1452 4474 1714 4542 adversabantur

660 4584 699 4663 ei,
716 4582 974 4670 archiepiscopus
996 4580 1142 4647 scilieet⁹
1158 4579 1371 4659 Coloniensis,
1386 4583 1421 4643 et
1443 4579 1542 4644 multi
1567 4580 1712 4646 maxime

660 4686 868 4754 ecclesiarum
890 4684 1029 4773 praelati.
1075 4682 1128 4764 Et,
1153 4683 1242 4770 quod
1272 4681 1485 4748 lamentabile
1507 4689 1587 4762 erat,
1611 4683 1711 4750 multi

660 4790 934 4858 exeommunicati
967 4788 1178 4855 adhaesenmt
1210 4787 1316 4853 eidem
1349 4785 1578 4873 F[retherico],
1601 4787 1711 4854 claves

661 4995 969 5004 ——ffl-n-——n-
977 4992 1709 5002 mmm-*m

695 5126 796 5192 Ινανο]
815 5124 1038 5191 Addedinmarg.
1182 5121 1187 5192 l
1244 5121 1376 5189 ἐοὶἱίσετ]
1396 5121 1544 5176 Interliuod.
