<?xml version="1.0" encoding="UTF-8"?>
<!DOCTYPE html PUBLIC "-//W3C//DTD XHTML 1.0 Transitional//EN"
    "http://www.w3.org/TR/xhtml1/DTD/xhtml1-transitional.dtd">
<html xmlns="http://www.w3.org/1999/xhtml" xml:lang="en" lang="en">
 <head>
  <title>
</title>
<meta http-equiv="Content-Type" content="text/html;charset=utf-8" />
  <meta name='ocr-system' content='tesseract 3.04.00' />
  <meta name='ocr-capabilities' content='ocr_page ocr_carea ocr_par ocr_line ocrx_word'/>
</head>
<body>
  <div class='ocr_page' id='page_1' title='image "./matthiparisiens00parigoog_0346.png"; bbox 0 0 4517 6425; ppageno 0'>
   <div class='ocr_carea' id='block_1_1' title="bbox 636 1172 1574 1240">
    <p class='ocr_par' dir='ltr' id='par_1_1' title="bbox 636 1172 1574 1240">
     <span class='ocr_line' id='line_1_1' title="bbox 636 1172 1574 1240; baseline -0.002 -1"><span class='ocrx_word' id='word_1_1' title='bbox 636 1172 702 1239; x_wconf 79' lang='lat'><strong>334</strong></span> <span class='ocrx_word' id='word_1_2' title='bbox 761 1183 927 1240; x_wconf 75' lang='lat' dir='ltr'><strong>narrum</strong></span> <span class='ocrx_word' id='word_1_3' title='bbox 950 1181 1163 1237; x_wconf 74' lang='lat' dir='ltr'><strong>rsammsrs</strong></span> <span class='ocrx_word' id='word_1_4' title='bbox 1187 1183 1352 1237; x_wconf 82' lang='lat' dir='ltr'><strong>maroam</strong></span> <span class='ocrx_word' id='word_1_5' title='bbox 1373 1184 1574 1237; x_wconf 74' lang='lat' dir='ltr'><strong>merosum</strong></span> 
     </span>
    </p>
   </div>
   <div class='ocr_carea' id='block_1_2' title="bbox 468 1360 1936 1452">
    <p class='ocr_par' dir='ltr' id='par_1_2' title="bbox 468 1360 1936 1452">
     <span class='ocr_line' id='line_1_2' title="bbox 468 1360 1936 1452; baseline 0.006 -31"><span class='ocrx_word' id='word_1_6' title='bbox 468 1370 537 1423; x_wconf 73' lang='lat' dir='ltr'><strong>An.</strong></span> <span class='ocrx_word' id='word_1_7' title='bbox 551 1376 624 1423; x_wconf 78' lang='lat'><strong>1231.</strong></span> <span class='ocrx_word' id='word_1_8' title='bbox 636 1363 721 1430; x_wconf 87' lang='lat' dir='ltr'><strong>circa</strong></span> <span class='ocrx_word' id='word_1_9' title='bbox 736 1363 891 1431; x_wconf 81' lang='lat' dir='ltr'><strong>Castrum</strong></span> <span class='ocrx_word' id='word_1_10' title='bbox 915 1360 1074 1443; x_wconf 85' lang='lat' dir='ltr'><strong>Matildis,</strong></span> <span class='ocrx_word' id='word_1_11' title='bbox 1097 1360 1276 1428; x_wconf 87' lang='lat' dir='ltr'><strong>honorifice</strong></span> <span class='ocrx_word' id='word_1_12' title='bbox 1301 1360 1432 1452; x_wconf 87' lang='lat' dir='ltr'><strong>[aunt]¹</strong></span> <span class='ocrx_word' id='word_1_13' title='bbox 1459 1362 1501 1429; x_wconf 87' lang='lat' dir='ltr'><strong>ab</strong></span> <span class='ocrx_word' id='word_1_14' title='bbox 1524 1364 1595 1451; x_wconf 89' lang='lat' dir='ltr'><strong>ipso</strong></span> <span class='ocrx_word' id='word_1_15' title='bbox 1617 1372 1859 1441; x_wconf 75' lang='lat' dir='ltr'><strong>sus-Rog.wenu</strong></span> <span class='ocrx_word' id='word_1_16' title='bbox 1933 1383 1936 1388; x_wconf 91' lang='grc'><em>·</em></span> 
     </span>
    </p>
   </div>
   <div class='ocr_carea' id='block_1_3' title="bbox 467 1463 1687 1662">
    <p class='ocr_par' dir='ltr' id='par_1_3' title="bbox 467 1463 1687 1662">
     <span class='ocr_line' id='line_1_3' title="bbox 467 1463 1687 1583; baseline -0.018 -42"><span class='ocrx_word' id='word_1_17' title='bbox 467 1463 610 1583; x_wconf 48' lang='lat' dir='ltr'><strong>{md</strong></span> <span class='ocrx_word' id='word_1_18' title='bbox 636 1469 733 1556; x_wconf 86' lang='lat' dir='ltr'><strong>cepti.</strong></span> <span class='ocrx_word' id='word_1_19' title='bbox 778 1467 938 1533; x_wconf 85' lang='lat' dir='ltr'><strong>Ricardus</strong></span> <span class='ocrx_word' id='word_1_20' title='bbox 959 1486 1036 1532; x_wconf 88' lang='lat' dir='ltr'><strong>varo</strong></span> <span class='ocrx_word' id='word_1_21' title='bbox 1060 1465 1280 1543; x_wconf 81' lang='lat' dir='ltr'><strong>MarescaHus,</strong></span> <span class='ocrx_word' id='word_1_22' title='bbox 1304 1488 1338 1532; x_wconf 86' lang='lat' dir='ltr'><strong>sa</strong></span> <span class='ocrx_word' id='word_1_23' title='bbox 1356 1466 1426 1554; x_wconf 82' lang='lat' dir='ltr'><strong>regi</strong></span> <span class='ocrx_word' id='word_1_24' title='bbox 1448 1472 1687 1555; x_wconf 57' lang='lat' dir='ltr'><strong>repraesentans</strong></span> 
     </span>
     <span class='ocr_line' id='line_1_4' title="bbox 468 1567 1687 1662; baseline -0.011 -16"><span class='ocrx_word' id='word_1_25' title='bbox 468 1598 559 1662; x_wconf 65' lang='lat' dir='ltr'><strong>hythe</strong></span> <span class='ocrx_word' id='word_1_26' title='bbox 635 1576 677 1637; x_wconf 92' lang='lat' dir='ltr'><strong>ut</strong></span> <span class='ocrx_word' id='word_1_27' title='bbox 710 1570 864 1637; x_wconf 89' lang='lat' dir='ltr'><strong>heredem</strong></span> <span class='ocrx_word' id='word_1_28' title='bbox 897 1568 1010 1635; x_wconf 77' lang='lat' dir='ltr'><strong>fratris</strong></span> <span class='ocrx_word' id='word_1_29' title='bbox 1044 1569 1097 1634; x_wconf 89' lang='lat' dir='ltr'><strong>sui</strong></span> <span class='ocrx_word' id='word_1_30' title='bbox 1128 1567 1289 1635; x_wconf 90' lang='lat' dir='ltr'><strong>Willelmi</strong></span> <span class='ocrx_word' id='word_1_31' title='bbox 1333 1570 1527 1649; x_wconf 86' lang='lat' dir='ltr'><strong>Maresculli,</strong></span> <span class='ocrx_word' id='word_1_32' title='bbox 1562 1572 1687 1660; x_wconf 76' lang='lat' dir='ltr'><strong>optulit</strong></span> 
     </span>
    </p>
   </div>
   <div class='ocr_carea' id='block_1_4' title="bbox 468 1664 1687 1762">
    <p class='ocr_par' dir='ltr' id='par_1_4' title="bbox 468 1664 1687 1762">
     <span class='ocr_line' id='line_1_5' title="bbox 468 1664 1687 1762; baseline 0.007 -30"><span class='ocrx_word' id='word_1_33' title='bbox 468 1664 539 1732; x_wconf 77' lang='lat' dir='ltr'><strong>king.</strong></span> <span class='ocrx_word' id='word_1_34' title='bbox 635 1672 767 1740; x_wconf 73' lang='lat' dir='ltr'><strong>eidem⁹</strong></span> <span class='ocrx_word' id='word_1_35' title='bbox 789 1673 859 1761; x_wconf 84' lang='lat' dir='ltr'><strong>regi</strong></span> <span class='ocrx_word' id='word_1_36' title='bbox 881 1695 941 1762; x_wconf 92' lang='lat' dir='ltr'><strong>pro</strong></span> <span class='ocrx_word' id='word_1_37' title='bbox 974 1672 1161 1739; x_wconf 88' lang='lat' dir='ltr'><strong>hereditate</strong></span> <span class='ocrx_word' id='word_1_38' title='bbox 1194 1695 1254 1740; x_wconf 88' lang='lat' dir='ltr'><strong>sua.</strong></span> <span class='ocrx_word' id='word_1_39' title='bbox 1285 1672 1476 1762; x_wconf 74' lang='lat' dir='ltr'>homagium</span> <span class='ocrx_word' id='word_1_40' title='bbox 1508 1696 1614 1754; x_wconf 89' lang='lat' dir='ltr'><strong>suum,</strong></span> <span class='ocrx_word' id='word_1_41' title='bbox 1651 1680 1687 1741; x_wconf 88' lang='lat' dir='ltr'><strong>et</strong></span> 
     </span>
    </p>
   </div>
   <div class='ocr_carea' id='block_1_5' title="bbox 1726 1442 1831 1497">
    <p class='ocr_par' dir='ltr' id='par_1_5' title="bbox 1726 1442 1831 1497">
     <span class='ocr_line' id='line_1_6' title="bbox 1726 1442 1831 1497; baseline 0.048 -5"><span class='ocrx_word' id='word_1_42' title='bbox 1726 1442 1761 1494; x_wconf 86' lang='lat' dir='ltr'><strong>iv.</strong></span> <span class='ocrx_word' id='word_1_43' title='bbox 1773 1450 1831 1497; x_wconf 79' lang='lat'><strong>225.</strong></span> 
     </span>
    </p>
   </div>
   <div class='ocr_carea' id='block_1_6' title="bbox 467 1775 1812 3003">
    <p class='ocr_par' dir='ltr' id='par_1_6' title="bbox 467 1775 1812 3003">
     <span class='ocr_line' id='line_1_7' title="bbox 633 1775 1686 1867; baseline 0 -24"><span class='ocrx_word' id='word_1_44' title='bbox 633 1776 791 1865; x_wconf 89' lang='lat' dir='ltr'><strong>quicquid</strong></span> <span class='ocrx_word' id='word_1_45' title='bbox 825 1778 866 1843; x_wconf 91' lang='lat' dir='ltr'><strong>de</strong></span> <span class='ocrx_word' id='word_1_46' title='bbox 884 1775 961 1863; x_wconf 89' lang='lat' dir='ltr'><strong>jure</strong></span> <span class='ocrx_word' id='word_1_47' title='bbox 985 1775 1147 1864; x_wconf 81' lang='lat' dir='ltr'><strong>[facere]³</strong></span> <span class='ocrx_word' id='word_1_48' title='bbox 1167 1776 1353 1844; x_wconf 86' lang='lat' dir='ltr'><strong>tenebatur.</strong></span> <span class='ocrx_word' id='word_1_49' title='bbox 1399 1776 1465 1845; x_wconf 89' lang='lat' dir='ltr'><strong>Cui</strong></span> <span class='ocrx_word' id='word_1_50' title='bbox 1486 1778 1686 1867; x_wconf 86' lang='lat' dir='ltr'><strong>respondens</strong></span> 
     </span>
     <span class='ocr_line' id='line_1_8' title="bbox 632 1877 1812 1967; baseline 0.002 -22"><span class='ocrx_word' id='word_1_51' title='bbox 632 1903 700 1959; x_wconf 88' lang='lat' dir='ltr'><strong>rex,</strong></span> <span class='ocrx_word' id='word_1_52' title='bbox 732 1901 792 1967; x_wconf 89' lang='lat' dir='ltr'><strong>per</strong></span> <span class='ocrx_word' id='word_1_53' title='bbox 825 1878 1000 1946; x_wconf 86' lang='lat' dir='ltr'><strong>consilium</strong></span> <span class='ocrx_word' id='word_1_54' title='bbox 1038 1877 1195 1960; x_wconf 74' lang='lat' dir='ltr'><strong>Habenti,</strong></span> <span class='ocrx_word' id='word_1_55' title='bbox 1223 1879 1403 1967; x_wconf 82' lang='lat' dir='ltr'><strong>justiciarii</strong></span> <span class='ocrx_word' id='word_1_56' title='bbox 1434 1902 1473 1947; x_wconf 88' lang='lat' dir='ltr'><strong>ac</strong></span> <span class='ocrx_word' id='word_1_57' title='bbox 1508 1880 1687 1956; x_wconf 81' lang='lat' dir='ltr'><strong>consiliarii</strong></span> <span class='ocrx_word' id='word_1_58' title='bbox 1808 1910 1812 1918; x_wconf 90' lang='lat'>·</span> 
     </span>
     <span class='ocr_line' id='line_1_9' title="bbox 633 1982 1686 2070; baseline 0.002 -22"><span class='ocrx_word' id='word_1_59' title='bbox 633 1984 693 2064; x_wconf 89' lang='lat' dir='ltr'><strong>sui,</strong></span> <span class='ocrx_word' id='word_1_60' title='bbox 718 1982 807 2070; x_wconf 90' lang='lat' dir='ltr'><strong>quod</strong></span> <span class='ocrx_word' id='word_1_61' title='bbox 836 1983 988 2048; x_wconf 82' lang='lat' dir='ltr'><strong>audierat</strong></span> <span class='ocrx_word' id='word_1_62' title='bbox 1019 2003 1157 2048; x_wconf 87' lang='lat' dir='ltr'><strong>uxorem</strong></span> <span class='ocrx_word' id='word_1_63' title='bbox 1191 1982 1304 2049; x_wconf 85' lang='lat' dir='ltr'><strong>fratris</strong></span> <span class='ocrx_word' id='word_1_64' title='bbox 1334 1982 1386 2049; x_wconf 90' lang='lat' dir='ltr'><strong>aui</strong></span> <span class='ocrx_word' id='word_1_65' title='bbox 1417 1983 1565 2051; x_wconf 86' lang='lat' dir='ltr'><strong>defuncti</strong></span> <span class='ocrx_word' id='word_1_66' title='bbox 1586 1982 1686 2050; x_wconf 73' lang='lat' dir='ltr'><strong>finisse</strong></span> 
     </span>
     <span class='ocr_line' id='line_1_10' title="bbox 631 2084 1686 2175; baseline -0.002 -22"><span class='ocrx_word' id='word_1_67' title='bbox 631 2090 868 2175; x_wconf 76' lang='lat' dir='ltr'><strong>praegnantem,</strong></span> <span class='ocrx_word' id='word_1_68' title='bbox 891 2085 981 2151; x_wconf 91' lang='lat' dir='ltr'><strong>unde</strong></span> <span class='ocrx_word' id='word_1_69' title='bbox 1014 2084 1124 2151; x_wconf 91' lang='lat' dir='ltr'><strong>noluit</strong></span> <span class='ocrx_word' id='word_1_70' title='bbox 1157 2107 1233 2152; x_wconf 89' lang='lat' dir='ltr'><strong>eum</strong></span> <span class='ocrx_word' id='word_1_71' title='bbox 1265 2086 1388 2167; x_wconf 72' lang='lat' dir='ltr'><strong>audme,</strong></span> <span class='ocrx_word' id='word_1_72' title='bbox 1413 2086 1516 2153; x_wconf 88' lang='lat' dir='ltr'><strong>donec</strong></span> <span class='ocrx_word' id='word_1_73' title='bbox 1537 2086 1616 2153; x_wconf 89' lang='lat' dir='ltr'><strong>inda</strong></span> <span class='ocrx_word' id='word_1_74' title='bbox 1637 2087 1686 2154; x_wconf 91' lang='lat' dir='ltr'><strong>rei</strong></span> 
     </span>
     <span class='ocr_line' id='line_1_11' title="bbox 632 2181 1705 2290; baseline 0.004 -36"><span class='ocrx_word' id='word_1_75' title='bbox 632 2190 755 2255; x_wconf 85' lang='lat' dir='ltr'><strong>veritas</strong></span> <span class='ocrx_word' id='word_1_76' title='bbox 788 2188 993 2290; x_wconf 69' lang='lat' dir='ltr'><strong>probaretur.</strong></span> <span class='ocrx_word' id='word_1_77' title='bbox 1046 2185 1197 2275; x_wconf 82' lang='lat' dir='ltr'><strong>Cumque</strong></span> <span class='ocrx_word' id='word_1_78' title='bbox 1230 2189 1392 2256; x_wconf 88' lang='lat' dir='ltr'><strong>Ricardus</strong></span> <span class='ocrx_word' id='word_1_79' title='bbox 1426 2181 1465 2256; x_wconf 79' lang='lat' dir='ltr'><strong>id</strong></span> <span class='ocrx_word' id='word_1_80' title='bbox 1496 2194 1705 2258; x_wconf 79' lang='lat' dir='ltr'><strong>constanter.</strong></span> 
     </span>
     <span class='ocr_line' id='line_1_12' title="bbox 631 2291 1704 2380; baseline 0.007 -22"><span class='ocrx_word' id='word_1_81' title='bbox 631 2315 755 2380; x_wconf 86' lang='lat' dir='ltr'><strong>negans</strong></span> <span class='ocrx_word' id='word_1_82' title='bbox 777 2293 813 2358; x_wconf 91' lang='lat' dir='ltr'><strong>in</strong></span> <span class='ocrx_word' id='word_1_83' title='bbox 835 2291 1058 2379; x_wconf 82' lang='lat' dir='ltr'><strong>postulatione</strong></span> <span class='ocrx_word' id='word_1_84' title='bbox 1080 2314 1141 2357; x_wconf 87' lang='lat' dir='ltr'><strong>sua</strong></span> <span class='ocrx_word' id='word_1_85' title='bbox 1164 2297 1396 2380; x_wconf 86' lang='lat' dir='ltr'><strong>perseveraret,</strong></span> <span class='ocrx_word' id='word_1_86' title='bbox 1420 2314 1480 2359; x_wconf 84' lang='lat' dir='ltr'><strong>rex</strong></span> <span class='ocrx_word' id='word_1_87' title='bbox 1501 2298 1613 2361; x_wconf 87' lang='lat' dir='ltr'><strong>motus</strong></span> <span class='ocrx_word' id='word_1_88' title='bbox 1628 2294 1704 2365; x_wconf 87' lang='lat' dir='ltr'><strong>ob·.</strong></span> 
     </span>
     <span class='ocr_line' id='line_1_13' title="bbox 627 2394 1685 2483; baseline 0 -21"><span class='ocrx_word' id='word_1_89' title='bbox 627 2396 709 2483; x_wconf 88' lang='lat' dir='ltr'><strong>jecit</strong></span> <span class='ocrx_word' id='word_1_90' title='bbox 731 2397 770 2474; x_wconf 91' lang='lat' dir='ltr'><strong>ei,</strong></span> <span class='ocrx_word' id='word_1_91' title='bbox 793 2395 882 2483; x_wconf 91' lang='lat' dir='ltr'><strong>quod</strong></span> <span class='ocrx_word' id='word_1_92' title='bbox 904 2394 964 2461; x_wconf 91' lang='lat' dir='ltr'><strong>diu</strong></span> <span class='ocrx_word' id='word_1_93' title='bbox 987 2399 1199 2460; x_wconf 87' lang='lat' dir='ltr'><strong>conversatus</strong></span> <span class='ocrx_word' id='word_1_94' title='bbox 1220 2395 1328 2462; x_wconf 86' lang='lat' dir='ltr'><strong>fuerat</strong></span> <span class='ocrx_word' id='word_1_95' title='bbox 1357 2396 1447 2462; x_wconf 86' lang='lat' dir='ltr'><strong>inter</strong></span> <span class='ocrx_word' id='word_1_96' title='bbox 1469 2396 1580 2463; x_wconf 89' lang='lat' dir='ltr'><strong>hostes</strong></span> <span class='ocrx_word' id='word_1_97' title='bbox 1609 2418 1685 2462; x_wconf 86' lang='lat' dir='ltr'><strong>suos</strong></span> 
     </span>
     <span class='ocr_line' id='line_1_14' title="bbox 632 2496 1704 2587; baseline 0.003 -21"><span class='ocrx_word' id='word_1_98' title='bbox 632 2498 777 2587; x_wconf 89' lang='lat' dir='ltr'><strong>publicos</strong></span> <span class='ocrx_word' id='word_1_99' title='bbox 810 2500 847 2564; x_wconf 89' lang='lat' dir='ltr'><strong>in</strong></span> <span class='ocrx_word' id='word_1_100' title='bbox 880 2498 1032 2586; x_wconf 84' lang='lat' dir='ltr'><strong>partibus</strong></span> <span class='ocrx_word' id='word_1_101' title='bbox 1064 2496 1251 2578; x_wconf 83' lang='lat' dir='ltr'><strong>Gallicanis,</strong></span> <span class='ocrx_word' id='word_1_102' title='bbox 1285 2500 1415 2586; x_wconf 87' lang='lat' dir='ltr'><strong>quibus,</strong></span> <span class='ocrx_word' id='word_1_103' title='bbox 1437 2504 1477 2566; x_wconf 92' lang='lat' dir='ltr'><strong>ut</strong></span> <span class='ocrx_word' id='word_1_104' title='bbox 1506 2499 1704 2582; x_wconf 72' lang='lat' dir='ltr'><strong>dicebatur„</strong></span> 
     </span>
     <span class='ocr_line' id='line_1_15' title="bbox 631 2600 1703 2692; baseline 0.004 -23"><span class='ocrx_word' id='word_1_105' title='bbox 631 2601 904 2669; x_wconf 76' lang='lat' dir='ltr'><strong>indissolubiliter</strong></span> <span class='ocrx_word' id='word_1_106' title='bbox 935 2600 1225 2669; x_wconf 85' lang='lat' dir='ltr'><strong>conioederabatur.</strong></span> <span class='ocrx_word' id='word_1_107' title='bbox 1272 2602 1371 2670; x_wconf 90' lang='lat' dir='ltr'><strong>Unde</strong></span> <span class='ocrx_word' id='word_1_108' title='bbox 1392 2603 1559 2692; x_wconf 88' lang='lat' dir='ltr'><strong>praecepit,</strong></span> <span class='ocrx_word' id='word_1_109' title='bbox 1580 2609 1620 2670; x_wconf 91' lang='lat' dir='ltr'><strong>ut</strong></span> <span class='ocrx_word' id='word_1_110' title='bbox 1644 2604 1703 2674; x_wconf 85' lang='lat' dir='ltr'><strong>de.</strong></span> 
     </span>
     <span class='ocr_line' id='line_1_16' title="bbox 631 2703 1685 2795; baseline 0.002 -23"><span class='ocrx_word' id='word_1_111' title='bbox 631 2728 732 2795; x_wconf 91' lang='lat' dir='ltr'><strong>regno</strong></span> <span class='ocrx_word' id='word_1_112' title='bbox 755 2728 814 2772; x_wconf 90' lang='lat' dir='ltr'><strong>suo</strong></span> <span class='ocrx_word' id='word_1_113' title='bbox 846 2706 954 2773; x_wconf 81' lang='lat' dir='ltr'><strong>exiret</strong></span> <span class='ocrx_word' id='word_1_114' title='bbox 976 2705 1183 2786; x_wconf 75' lang='lat' dir='ltr'><strong>irs-editurus,</strong></span> <span class='ocrx_word' id='word_1_115' title='bbox 1206 2703 1381 2786; x_wconf 69' lang='lat' dir='ltr'><strong>affirmans</strong></span> <span class='ocrx_word' id='word_1_116' title='bbox 1405 2707 1494 2794; x_wconf 91' lang='lat' dir='ltr'><strong>quod</strong></span> <span class='ocrx_word' id='word_1_117' title='bbox 1516 2712 1592 2794; x_wconf 90' lang='lat' dir='ltr'><strong>post</strong></span> <span class='ocrx_word' id='word_1_118' title='bbox 1614 2706 1685 2774; x_wconf 86' lang='lat' dir='ltr'><strong>dics</strong></span> 
     </span>
     <span class='ocr_line' id='line_1_17' title="bbox 631 2809 1684 2899; baseline 0.002 -23"><span class='ocrx_word' id='word_1_119' title='bbox 631 2833 686 2878; x_wconf 86' lang='lat' dir='ltr'><strong>xv.</strong></span> <span class='ocrx_word' id='word_1_120' title='bbox 709 2809 738 2874; x_wconf 88' lang='lat' dir='ltr'><strong>si</strong></span> <span class='ocrx_word' id='word_1_121' title='bbox 759 2809 966 2877; x_wconf 87' lang='lat' dir='ltr'><strong>inveniretur</strong></span> <span class='ocrx_word' id='word_1_122' title='bbox 988 2810 1025 2874; x_wconf 92' lang='lat' dir='ltr'><strong>in</strong></span> <span class='ocrx_word' id='word_1_123' title='bbox 1047 2831 1159 2898; x_wconf 88' lang='lat' dir='ltr'><strong>regno,</strong></span> <span class='ocrx_word' id='word_1_124' title='bbox 1174 2810 1293 2876; x_wconf 86' lang='lat' dir='ltr'><strong>carceri</strong></span> <span class='ocrx_word' id='word_1_125' title='bbox 1315 2815 1475 2899; x_wconf 80' lang='lat' dir='ltr'><strong>perpetuo</strong></span> <span class='ocrx_word' id='word_1_126' title='bbox 1489 2810 1684 2879; x_wconf 84' lang='lat' dir='ltr'><strong>traderetur.</strong></span> 
     </span>
     <span class='ocr_line' id='line_1_18' title="bbox 467 2912 1683 3003; baseline 0.008 -31"><span class='ocrx_word' id='word_1_127' title='bbox 467 2922 616 2988; x_wconf 78' lang='lat' dir='ltr'><strong>Hegoeato</strong></span> <span class='ocrx_word' id='word_1_128' title='bbox 632 2912 681 2979; x_wconf 87' lang='lat' dir='ltr'><strong>At</strong></span> <span class='ocrx_word' id='word_1_129' title='bbox 704 2912 873 2994; x_wconf 88' lang='lat' dir='ltr'><strong>Ricardus,</strong></span> <span class='ocrx_word' id='word_1_130' title='bbox 896 2934 971 2978; x_wconf 91' lang='lat' dir='ltr'><strong>cum</strong></span> <span class='ocrx_word' id='word_1_131' title='bbox 993 2912 1084 2980; x_wconf 85' lang='lat' dir='ltr'><strong>aliud</strong></span> <span class='ocrx_word' id='word_1_132' title='bbox 1106 2934 1174 2979; x_wconf 94' lang='lat' dir='ltr'><strong>non</strong></span> <span class='ocrx_word' id='word_1_133' title='bbox 1195 2913 1332 2981; x_wconf 89' lang='lat' dir='ltr'><strong>haberet</strong></span> <span class='ocrx_word' id='word_1_134' title='bbox 1352 2936 1553 3003; x_wconf 88' lang='lat' dir='ltr'><strong>responsum,</strong></span> <span class='ocrx_word' id='word_1_135' title='bbox 1574 2920 1683 2982; x_wconf 89' lang='lat' dir='ltr'><strong>trana-</strong></span> 
     </span>
    </p>
   </div>
   <div class='ocr_carea' id='block_1_7' title="bbox 464 2990 1684 3110">
    <p class='ocr_par' dir='ltr' id='par_1_7' title="bbox 464 2990 1684 3110">
     <span class='ocr_line' id='line_1_19' title="bbox 464 2990 1684 3110; baseline 0.002 -26"><span class='ocrx_word' id='word_1_136' title='bbox 464 2990 623 3110; x_wconf 55' lang='lat' dir='ltr'><strong>fffflfoe„</strong></span> <span class='ocrx_word' id='word_1_137' title='bbox 632 3016 770 3083; x_wconf 89' lang='lat' dir='ltr'><strong>fretavit</strong></span> <span class='ocrx_word' id='word_1_138' title='bbox 803 3017 839 3080; x_wconf 91' lang='lat' dir='ltr'><strong>in</strong></span> <span class='ocrx_word' id='word_1_139' title='bbox 870 3015 1078 3096; x_wconf 87' lang='lat' dir='ltr'><strong>Hiberniam,</strong></span> <span class='ocrx_word' id='word_1_140' title='bbox 1111 3016 1171 3083; x_wconf 91' lang='lat' dir='ltr'><strong>ubi</strong></span> <span class='ocrx_word' id='word_1_141' title='bbox 1205 3038 1319 3084; x_wconf 88' lang='lat' dir='ltr'><strong>omnes</strong></span> <span class='ocrx_word' id='word_1_142' title='bbox 1350 3018 1473 3085; x_wconf 87' lang='lat' dir='ltr'><strong>fratres</strong></span> <span class='ocrx_word' id='word_1_143' title='bbox 1503 3026 1538 3085; x_wconf 91' lang='lat' dir='ltr'><strong>et</strong></span> <span class='ocrx_word' id='word_1_144' title='bbox 1561 3019 1684 3087; x_wconf 75' lang='lat' dir='ltr'><strong>milites</strong></span> 
     </span>
    </p>
   </div>
   <div class='ocr_carea' id='block_1_8' title="bbox 462 3118 1701 4571">
    <p class='ocr_par' dir='ltr' id='par_1_8' title="bbox 462 3118 1701 4571">
     <span class='ocr_line' id='line_1_20' title="bbox 465 3118 1683 3207; baseline 0.003 -22"><span class='ocrx_word' id='word_1_145' title='bbox 465 3124 553 3177; x_wconf 77' lang='lat' dir='ltr'><strong>forces·</strong></span> <span class='ocrx_word' id='word_1_146' title='bbox 633 3118 706 3185; x_wconf 75' lang='lat' dir='ltr'><strong>sui⁴</strong></span> <span class='ocrx_word' id='word_1_147' title='bbox 728 3120 837 3206; x_wconf 88' lang='lat' dir='ltr'><strong>ipsum</strong></span> <span class='ocrx_word' id='word_1_148' title='bbox 859 3120 1042 3207; x_wconf 85' lang='lat' dir='ltr'><strong>gaudenter</strong></span> <span class='ocrx_word' id='word_1_149' title='bbox 1075 3125 1294 3206; x_wconf 88' lang='lat' dir='ltr'><strong>susceperunt,</strong></span> <span class='ocrx_word' id='word_1_150' title='bbox 1317 3120 1492 3188; x_wconf 85' lang='lat' dir='ltr'><strong>reddentes</strong></span> <span class='ocrx_word' id='word_1_151' title='bbox 1518 3123 1549 3187; x_wconf 90' lang='lat' dir='ltr'><strong>ei</strong></span> <span class='ocrx_word' id='word_1_152' title='bbox 1572 3122 1683 3189; x_wconf 90' lang='lat' dir='ltr'><strong>omnia</strong></span> 
     </span>
     <span class='ocr_line' id='line_1_21' title="bbox 631 3223 1682 3314; baseline 0.001 -23"><span class='ocrx_word' id='word_1_153' title='bbox 631 3224 765 3291; x_wconf 87' lang='lat' dir='ltr'><strong>castella</strong></span> <span class='ocrx_word' id='word_1_154' title='bbox 787 3245 861 3309; x_wconf 75' lang='lat' dir='ltr'><strong>quaa</strong></span> <span class='ocrx_word' id='word_1_155' title='bbox 884 3229 979 3290; x_wconf 89' lang='lat' dir='ltr'><strong>erant</strong></span> <span class='ocrx_word' id='word_1_156' title='bbox 1000 3223 1113 3290; x_wconf 82' lang='lat' dir='ltr'><strong>fratris</strong></span> <span class='ocrx_word' id='word_1_157' title='bbox 1136 3225 1188 3290; x_wconf 90' lang='lat' dir='ltr'><strong>sui</strong></span> <span class='ocrx_word' id='word_1_158' title='bbox 1207 3224 1409 3314; x_wconf 87' lang='lat' dir='ltr'><strong>W[illelmi],</strong></span> <span class='ocrx_word' id='word_1_159' title='bbox 1425 3226 1682 3314; x_wconf 88' lang='lat' dir='ltr'><strong>homagiumque</strong></span> 
     </span>
     <span class='ocr_line' id='line_1_22' title="bbox 631 3327 1683 3397; baseline 0.003 -3"><span class='ocrx_word' id='word_1_160' title='bbox 631 3328 681 3394; x_wconf 94' lang='lat' dir='ltr'><strong>illi</strong></span> <span class='ocrx_word' id='word_1_161' title='bbox 696 3350 771 3394; x_wconf 90' lang='lat' dir='ltr'><strong>cum</strong></span> <span class='ocrx_word' id='word_1_162' title='bbox 792 3327 954 3393; x_wconf 88' lang='lat' dir='ltr'><strong>fidelitate</strong></span> <span class='ocrx_word' id='word_1_163' title='bbox 967 3327 1123 3395; x_wconf 86' lang='lat' dir='ltr'><strong>fecerunt</strong></span> <span class='ocrx_word' id='word_1_164' title='bbox 1163 3327 1343 3395; x_wconf 84' lang='lat' dir='ltr'><strong>Castellum</strong></span> <span class='ocrx_word' id='word_1_165' title='bbox 1366 3329 1467 3395; x_wconf 89' lang='lat' dir='ltr'><strong>etiam</strong></span> <span class='ocrx_word' id='word_1_166' title='bbox 1482 3331 1522 3395; x_wconf 91' lang='lat' dir='ltr'><strong>de</strong></span> <span class='ocrx_word' id='word_1_167' title='bbox 1537 3329 1683 3397; x_wconf 88' lang='lat' dir='ltr'><strong>Penbroc</strong></span> 
     </span>
     <span class='ocr_line' id='line_1_23' title="bbox 631 3431 1681 3520; baseline 0.003 -24"><span class='ocrx_word' id='word_1_168' title='bbox 631 3432 667 3497; x_wconf 93' lang='lat' dir='ltr'><strong>in</strong></span> <span class='ocrx_word' id='word_1_169' title='bbox 689 3454 782 3498; x_wconf 86' lang='lat' dir='ltr'><strong>suam</strong></span> <span class='ocrx_word' id='word_1_170' title='bbox 808 3431 967 3518; x_wconf 85' lang='lat' dir='ltr'><strong>recipiens</strong></span> <span class='ocrx_word' id='word_1_171' title='bbox 998 3435 1207 3520; x_wconf 89' lang='lat' dir='ltr'><strong>potestatem,</strong></span> <span class='ocrx_word' id='word_1_172' title='bbox 1229 3454 1304 3499; x_wconf 88' lang='lat' dir='ltr'><strong>cum</strong></span> <span class='ocrx_word' id='word_1_173' title='bbox 1335 3432 1457 3500; x_wconf 89' lang='lat' dir='ltr'><strong>honore</strong></span> <span class='ocrx_word' id='word_1_174' title='bbox 1486 3434 1681 3520; x_wconf 88' lang='lat' dir='ltr'><strong>pertinente,</strong></span> 
     </span>
     <span class='ocr_line' id='line_1_24' title="bbox 631 3533 1682 3624; baseline 0 -21"><span class='ocrx_word' id='word_1_175' title='bbox 631 3535 763 3624; x_wconf 85' lang='lat' dir='ltr'><strong>collegit</strong></span> <span class='ocrx_word' id='word_1_176' title='bbox 793 3539 996 3600; x_wconf 89' lang='lat' dir='ltr'><strong>armatorum</strong></span> <span class='ocrx_word' id='word_1_177' title='bbox 1033 3533 1293 3613; x_wconf 86' lang='lat' dir='ltr'><strong>multitudinem,</strong></span> <span class='ocrx_word' id='word_1_178' title='bbox 1325 3534 1544 3602; x_wconf 89' lang='lat' dir='ltr'><strong>hereditatem</strong></span> <span class='ocrx_word' id='word_1_179' title='bbox 1580 3559 1682 3618; x_wconf 90' lang='lat' dir='ltr'><strong>suam,</strong></span> 
     </span>
     <span class='ocr_line' id='line_1_25' title="bbox 631 3637 1701 3726; baseline 0 -21"><span class='ocrx_word' id='word_1_180' title='bbox 631 3640 732 3705; x_wconf 85' lang='lat' dir='ltr'><strong>etiam</strong></span> <span class='ocrx_word' id='word_1_181' title='bbox 754 3637 863 3703; x_wconf 90' lang='lat' dir='ltr'><strong>invito</strong></span> <span class='ocrx_word' id='word_1_182' title='bbox 898 3658 982 3726; x_wconf 86' lang='lat' dir='ltr'><strong>rege,</strong></span> <span class='ocrx_word' id='word_1_183' title='bbox 1016 3637 1044 3704; x_wconf 90' lang='lat' dir='ltr'><strong>si</strong></span> <span class='ocrx_word' id='word_1_184' title='bbox 1077 3637 1254 3705; x_wconf 84' lang='lat' dir='ltr'><strong>necessitas</strong></span> <span class='ocrx_word' id='word_1_185' title='bbox 1287 3644 1427 3726; x_wconf 87' lang='lat' dir='ltr'><strong>cogeret,</strong></span> <span class='ocrx_word' id='word_1_186' title='bbox 1453 3639 1545 3723; x_wconf 85' lang='lat' dir='ltr'><strong>justo</strong></span> <span class='ocrx_word' id='word_1_187' title='bbox 1577 3645 1701 3706; x_wconf 86' lang='lat' dir='ltr'><strong>marte.</strong></span> 
     </span>
     <span class='ocr_line' id='line_1_26' title="bbox 630 3739 1700 3830; baseline -0.007 -22"><span class='ocrx_word' id='word_1_188' title='bbox 630 3747 813 3808; x_wconf 77' lang='lat' dir='ltr'><strong>exacturus.</strong></span> <span class='ocrx_word' id='word_1_189' title='bbox 859 3739 943 3807; x_wconf 86' lang='lat' dir='ltr'><strong>Erat</strong></span> <span class='ocrx_word' id='word_1_190' title='bbox 964 3746 1076 3807; x_wconf 89' lang='lat' dir='ltr'><strong>autem</strong></span> <span class='ocrx_word' id='word_1_191' title='bbox 1091 3741 1185 3808; x_wconf 88' lang='lat' dir='ltr'><strong>miles</strong></span> <span class='ocrx_word' id='word_1_192' title='bbox 1204 3746 1357 3808; x_wconf 87' lang='lat' dir='ltr'><strong>strenuus</strong></span> <span class='ocrx_word' id='word_1_193' title='bbox 1373 3746 1407 3808; x_wconf 91' lang='lat' dir='ltr'><strong>et</strong></span> <span class='ocrx_word' id='word_1_194' title='bbox 1429 3742 1700 3830; x_wconf 63' lang='lat' dir='ltr'><strong>imperterritus„</strong></span> 
     </span>
     <span class='ocr_line' id='line_1_27' title="bbox 630 3843 1700 3933; baseline -0.006 -22"><span class='ocrx_word' id='word_1_195' title='bbox 630 3846 723 3933; x_wconf 89' lang='lat' dir='ltr'><strong>cujus</strong></span> <span class='ocrx_word' id='word_1_196' title='bbox 745 3843 901 3910; x_wconf 89' lang='lat' dir='ltr'><strong>militiam</strong></span> <span class='ocrx_word' id='word_1_197' title='bbox 933 3843 1062 3923; x_wconf 87' lang='lat' dir='ltr'><strong>Franci,</strong></span> <span class='ocrx_word' id='word_1_198' title='bbox 1093 3844 1171 3911; x_wconf 89' lang='lat' dir='ltr'><strong>licet</strong></span> <span class='ocrx_word' id='word_1_199' title='bbox 1202 3845 1323 3924; x_wconf 78' lang='lat' dir='ltr'><strong>aemuli,</strong></span> <span class='ocrx_word' id='word_1_200' title='bbox 1346 3844 1499 3912; x_wconf 75' lang='lat' dir='ltr'><strong>cunctis⁶</strong></span> <span class='ocrx_word' id='word_1_201' title='bbox 1532 3845 1700 3932; x_wconf 69' lang='lat' dir='ltr'><strong>praeiere.</strong></span> 
     </span>
     <span class='ocr_line' id='line_1_28' title="bbox 629 3948 1700 4037; baseline -0.002 -22"><span class='ocrx_word' id='word_1_202' title='bbox 629 3950 719 4015; x_wconf 85' lang='lat' dir='ltr'><strong>bant</strong></span> <span class='ocrx_word' id='word_1_203' title='bbox 766 3949 848 4015; x_wconf 88' lang='lat' dir='ltr'><strong>Erat</strong></span> <span class='ocrx_word' id='word_1_204' title='bbox 871 3949 1005 4037; x_wconf 90' lang='lat' dir='ltr'><strong>insuper</strong></span> <span class='ocrx_word' id='word_1_205' title='bbox 1030 3948 1163 4037; x_wconf 83' lang='lat' dir='ltr'><strong>elegans</strong></span> <span class='ocrx_word' id='word_1_206' title='bbox 1194 3970 1337 4036; x_wconf 88' lang='lat' dir='ltr'><strong>corpore,</strong></span> <span class='ocrx_word' id='word_1_207' title='bbox 1360 3971 1508 4015; x_wconf 89' lang='lat' dir='ltr'><strong>sermone</strong></span> <span class='ocrx_word' id='word_1_208' title='bbox 1530 3948 1700 4029; x_wconf 81' lang='lat' dir='ltr'><strong>affabilis,-</strong></span> 
     </span>
     <span class='ocr_line' id='line_1_29' title="bbox 631 4051 1699 4140; baseline -0.001 -21"><span class='ocrx_word' id='word_1_209' title='bbox 631 4057 666 4119; x_wconf 87' lang='lat' dir='ltr'><strong>et</strong></span> <span class='ocrx_word' id='word_1_210' title='bbox 687 4053 724 4117; x_wconf 90' lang='lat' dir='ltr'><strong>in</strong></span> <span class='ocrx_word' id='word_1_211' title='bbox 747 4051 926 4118; x_wconf 87' lang='lat' dir='ltr'><strong>subtilibus</strong></span> <span class='ocrx_word' id='word_1_212' title='bbox 948 4074 1107 4117; x_wconf 91' lang='lat' dir='ltr'><strong>manuum</strong></span> <span class='ocrx_word' id='word_1_213' title='bbox 1129 4052 1293 4139; x_wconf 89' lang='lat' dir='ltr'><strong>opusculis</strong></span> <span class='ocrx_word' id='word_1_214' title='bbox 1316 4052 1529 4140; x_wconf 85' lang='lat' dir='ltr'><strong>singulariter</strong></span> <span class='ocrx_word' id='word_1_215' title='bbox 1550 4051 1699 4118; x_wconf 83' lang='lat' dir='ltr'><strong>subtilis·</strong></span> 
     </span>
     <span class='ocr_line' id='line_1_30' title="bbox 464 4155 1700 4284; baseline -0.001 -67"><span class='ocrx_word' id='word_1_216' title='bbox 464 4166 606 4284; x_wconf 58' lang='lat' dir='ltr'><strong>Thetingi</strong></span> <span class='ocrx_word' id='word_1_217' title='bbox 631 4161 666 4222; x_wconf 90' lang='lat' dir='ltr'><strong>et</strong></span> <span class='ocrx_word' id='word_1_218' title='bbox 687 4155 883 4243; x_wconf 88' lang='lat' dir='ltr'><strong>ingeniosus.</strong></span> <span class='ocrx_word' id='word_1_219' title='bbox 930 4155 1163 4242; x_wconf 87' lang='lat' dir='ltr'><strong>Multiplicatis</strong></span> <span class='ocrx_word' id='word_1_220' title='bbox 1189 4157 1302 4243; x_wconf 87' lang='lat' dir='ltr'><strong>igitur,</strong></span> <span class='ocrx_word' id='word_1_221' title='bbox 1325 4157 1403 4242; x_wconf 86' lang='lat' dir='ltr'><strong>quia</strong></span> <span class='ocrx_word' id='word_1_222' title='bbox 1426 4156 1579 4222; x_wconf 90' lang='lat' dir='ltr'><strong>omnibus</strong></span> <span class='ocrx_word' id='word_1_223' title='bbox 1607 4179 1700 4244; x_wconf 69' lang='lat' dir='ltr'><strong>gra.</strong></span> 
     </span>
     <span class='ocr_line' id='line_1_31' title="bbox 462 4248 1699 4430; baseline 0.008 -12"><span class='ocrx_word' id='word_1_224' title='bbox 462 4248 576 4419; x_wconf 58' lang='lat' dir='ltr'><strong>ffit‘,</strong></span> <span class='ocrx_word' id='word_1_225' title='bbox 608 4250 989 4430; x_wconf 51' lang='lat' dir='ltr'><strong>samam</strong></span> <span class='ocrx_word' id='word_1_226' title='bbox 1011 4259 1433 4430; x_wconf 64' lang='lat' dir='ltr'><strong>ttltlllttlt</strong></span> <span class='ocrx_word' id='word_1_227' title='bbox 1441 4259 1699 4429; x_wconf 58' lang='lat' dir='ltr'><strong>{nillil</strong></span> 
     </span>
     <span class='ocr_line' id='line_1_32' title="bbox 1439 4387 1646 4428; baseline 0 0"><span class='ocrx_word' id='word_1_228' title='bbox 1439 4387 1451 4428; x_wconf 83' lang='lat'>1</span> <span class='ocrx_word' id='word_1_229' title='bbox 1623 4387 1646 4428; x_wconf 96' lang='lat' dir='ltr'><strong>u</strong></span> 
     </span>
     <span class='ocr_line' id='line_1_33' title="bbox 463 4385 1699 4571; baseline -0.001 -37"><span class='ocrx_word' id='word_1_230' title='bbox 463 4437 605 4571; x_wconf 45' lang='lat' dir='ltr'><strong>ffigffi,</strong></span> <span class='ocrx_word' id='word_1_231' title='bbox 631 4387 737 4546; x_wconf 54' lang='lat' dir='ltr'><strong>iillum,</strong></span> <span class='ocrx_word' id='word_1_232' title='bbox 762 4465 819 4534; x_wconf 89' lang='lat' dir='ltr'><strong>sed</strong></span> <span class='ocrx_word' id='word_1_233' title='bbox 850 4419 932 4533; x_wconf 63' lang='lat' dir='ltr'><strong>nori³</strong></span> <span class='ocrx_word' id='word_1_234' title='bbox 947 4385 1060 4533; x_wconf 52' lang='lat' dir='ltr'><strong>serino</strong></span> <span class='ocrx_word' id='word_1_235' title='bbox 1087 4467 1192 4547; x_wconf 89' lang='lat' dir='ltr'><strong>corde,</strong></span> <span class='ocrx_word' id='word_1_236' title='bbox 1215 4416 1314 4532; x_wconf 73' lang='lat' dir='ltr'><strong>simul</strong></span> <span class='ocrx_word' id='word_1_237' title='bbox 1342 4386 1624 4545; x_wconf 54' lang='lat' dir='ltr'><strong>blumpfidelitatb’,⁰</strong></span> <span class='ocrx_word' id='word_1_238' title='bbox 1646 4471 1699 4533; x_wconf 87' lang='lat' dir='ltr'><strong>et·</strong></span> 
     </span>
    </p>
   </div>
   <div class='ocr_carea' id='block_1_9' title="bbox 631 4568 1656 4658">
    <p class='ocr_par' dir='ltr' id='par_1_9' title="bbox 631 4568 1656 4658">
     <span class='ocr_line' id='line_1_34' title="bbox 631 4568 1656 4658; baseline 0 -20"><span class='ocrx_word' id='word_1_239' title='bbox 631 4573 662 4638; x_wconf 88' lang='lat' dir='ltr'><strong>ei</strong></span> <span class='ocrx_word' id='word_1_240' title='bbox 684 4571 797 4638; x_wconf 88' lang='lat' dir='ltr'><strong>omnia</strong></span> <span class='ocrx_word' id='word_1_241' title='bbox 814 4570 894 4658; x_wconf 83' lang='lat' dir='ltr'><strong>jura</strong></span> <span class='ocrx_word' id='word_1_242' title='bbox 915 4592 976 4638; x_wconf 87' lang='lat' dir='ltr'><strong>sua</strong></span> <span class='ocrx_word' id='word_1_243' title='bbox 997 4569 1089 4637; x_wconf 85' lang='lat' dir='ltr'><strong>salvo</strong></span> <span class='ocrx_word' id='word_1_244' title='bbox 1112 4569 1178 4637; x_wconf 92' lang='lat' dir='ltr'><strong>sibi</strong></span> <span class='ocrx_word' id='word_1_245' title='bbox 1200 4568 1324 4638; x_wconf 88' lang='lat' dir='ltr'><strong>relevio</strong></span> <span class='ocrx_word' id='word_1_246' title='bbox 1347 4570 1468 4636; x_wconf 86' lang='lat' dir='ltr'><strong>annuit</strong></span> <span class='ocrx_word' id='word_1_247' title='bbox 1491 4576 1656 4639; x_wconf 84' lang='lat' dir='ltr'><strong>consuetu.</strong></span> 
     </span>
    </p>
   </div>
   <div class='ocr_carea' id='block_1_10' title="bbox 436 4831 1680 5220">
    <p class='ocr_par' dir='ltr' id='par_1_10' title="bbox 436 4831 1680 5220">
     <span class='ocr_line' id='line_1_35' title="bbox 665 4831 1680 4901; baseline 0.001 -18"><span class='ocrx_word' id='word_1_248' title='bbox 665 4837 670 4866; x_wconf 92' lang='lat'>¹</span> <span class='ocrx_word' id='word_1_249' title='bbox 683 4835 753 4901; x_wconf 77' lang='lat' dir='ltr'><strong>aunt]</strong></span> <span class='ocrx_word' id='word_1_250' title='bbox 774 4834 895 4899; x_wconf 87' lang='lat' dir='ltr'><strong>Supplied</strong></span> <span class='ocrx_word' id='word_1_251' title='bbox 906 4834 971 4884; x_wconf 84' lang='lat' dir='ltr'><strong>from</strong></span> <span class='ocrx_word' id='word_1_252' title='bbox 982 4833 1025 4884; x_wconf 88' lang='lat' dir='ltr'><strong>W.</strong></span> <span class='ocrx_word' id='word_1_253' title='bbox 1038 4833 1070 4884; x_wconf 91' lang='lat' dir='ltr'><strong>B.</strong></span> <span class='ocrx_word' id='word_1_254' title='bbox 1084 4831 1112 4884; x_wconf 92' lang='lat' dir='ltr'><strong>C.</strong></span> <span class='ocrx_word' id='word_1_255' title='bbox 1177 4833 1353 4897; x_wconf 79' lang='lat' dir='ltr'><strong>minessrutric</strong></span> <span class='ocrx_word' id='word_1_256' title='bbox 1363 4836 1404 4883; x_wconf 81' lang='lat' dir='ltr'><strong>sui</strong></span> <span class='ocrx_word' id='word_1_257' title='bbox 1415 4833 1513 4896; x_wconf 85' lang='lat' dir='ltr'><strong>(which</strong></span> <span class='ocrx_word' id='word_1_258' title='bbox 1525 4834 1547 4883; x_wconf 90' lang='lat' dir='ltr'><strong>is</strong></span> <span class='ocrx_word' id='word_1_259' title='bbox 1559 4849 1592 4884; x_wconf 92' lang='lat' dir='ltr'><strong>no</strong></span> <span class='ocrx_word' id='word_1_260' title='bbox 1603 4834 1680 4885; x_wconf 88' lang='lat' dir='ltr'><strong>doubt</strong></span> 
     </span>
     <span class='ocr_line' id='line_1_36' title="bbox 663 4914 1680 4981; baseline 0.002 -16"><span class='ocrx_word' id='word_1_261' title='bbox 663 4914 772 4981; x_wconf 74' lang='lat' dir='ltr'><strong>&#39;eidcm]</strong></span> <span class='ocrx_word' id='word_1_262' title='bbox 791 4915 939 4964; x_wconf 87' lang='lat' dir='ltr'><strong>Interlined.</strong></span> <span class='ocrx_word' id='word_1_263' title='bbox 1176 4917 1295 4979; x_wconf 85' lang='lat' dir='ltr'><strong>correct),</strong></span> <span class='ocrx_word' id='word_1_264' title='bbox 1315 4916 1367 4965; x_wconf 89' lang='lat' dir='ltr'><strong>and</strong></span> <span class='ocrx_word' id='word_1_265' title='bbox 1381 4914 1407 4964; x_wconf 89' lang='lat' dir='ltr'><strong>in</strong></span> <span class='ocrx_word' id='word_1_266' title='bbox 1418 4916 1448 4967; x_wconf 92' lang='lat' dir='ltr'><strong>B.</strong></span> <span class='ocrx_word' id='word_1_267' title='bbox 1458 4915 1486 4967; x_wconf 86' lang='lat' dir='ltr'><strong>C.</strong></span> <span class='ocrx_word' id='word_1_268' title='bbox 1499 4932 1579 4966; x_wconf 77' lang='lat' dir='ltr'><strong>omnes</strong></span> <span class='ocrx_word' id='word_1_269' title='bbox 1594 4914 1680 4967; x_wconf 77' lang='lat' dir='ltr'><strong>milites</strong></span> 
     </span>
     <span class='ocr_line' id='line_1_37' title="bbox 436 4980 1578 5061; baseline 0.002 -18"><span class='ocrx_word' id='word_1_270' title='bbox 436 5026 450 5061; x_wconf 71' lang='lat'><strong>,</strong></span> <span class='ocrx_word' id='word_1_271' title='bbox 652 4980 780 5060; x_wconf 66' lang='lat' dir='ltr'><strong>”sucere]</strong></span> <span class='ocrx_word' id='word_1_272' title='bbox 801 4993 922 5057; x_wconf 87' lang='lat' dir='ltr'><strong>Supplied</strong></span> <span class='ocrx_word' id='word_1_273' title='bbox 932 4992 998 5043; x_wconf 78' lang='lat' dir='ltr'><strong>from</strong></span> <span class='ocrx_word' id='word_1_274' title='bbox 1009 4993 1052 5044; x_wconf 87' lang='lat' dir='ltr'><strong>W.</strong></span> <span class='ocrx_word' id='word_1_275' title='bbox 1061 4991 1092 5043; x_wconf 92' lang='lat' dir='ltr'><strong>B.</strong></span> <span class='ocrx_word' id='word_1_276' title='bbox 1101 4991 1130 5044; x_wconf 90' lang='lat' dir='ltr'><strong>C.</strong></span> <span class='ocrx_word' id='word_1_277' title='bbox 1176 4999 1199 5042; x_wconf 81' lang='lat' dir='ltr'><strong>et</strong></span> <span class='ocrx_word' id='word_1_278' title='bbox 1209 4994 1391 5058; x_wconf 78' lang='lat' dir='ltr'><strong>oanaeasratrea</strong></span> <span class='ocrx_word' id='word_1_279' title='bbox 1400 4996 1448 5046; x_wconf 80' lang='lat' dir='ltr'><strong>sui.</strong></span> <span class='ocrx_word' id='word_1_280' title='bbox 1574 5052 1578 5059; x_wconf 49' lang='grc'>,</span> 
     </span>
     <span class='ocr_line' id='line_1_38' title="bbox 664 5070 1510 5139; baseline 0 -15"><span class='ocrx_word' id='word_1_281' title='bbox 664 5076 762 5124; x_wconf 76' lang='lat' dir='ltr'><strong>‘omnes</strong></span> <span class='ocrx_word' id='word_1_282' title='bbox 782 5075 883 5138; x_wconf 75' lang='lat' dir='ltr'><strong>fratrea</strong></span> <span class='ocrx_word' id='word_1_283' title='bbox 911 5080 935 5122; x_wconf 83' lang='lat' dir='ltr'><strong>et</strong></span> <span class='ocrx_word' id='word_1_284' title='bbox 956 5070 1043 5122; x_wconf 78' lang='lat' dir='ltr'><strong>milites</strong></span> <span class='ocrx_word' id='word_1_285' title='bbox 1074 5073 1128 5139; x_wconf 77' lang='lat' dir='ltr'><strong>aaa]</strong></span> <span class='ocrx_word' id='word_1_286' title='bbox 1206 5072 1332 5138; x_wconf 54' lang='lat' dir='ltr'><strong>&#39;canem</strong></span> <span class='ocrx_word' id='word_1_287' title='bbox 1352 5073 1442 5133; x_wconf 81' lang='lat' dir='ltr'><strong>cuntis,</strong></span> <span class='ocrx_word' id='word_1_288' title='bbox 1453 5072 1510 5126; x_wconf 78' lang='grc' dir='ltr'><strong>ΜΒ.</strong></span> 
     </span>
     <span class='ocr_line' id='line_1_39' title="bbox 630 5149 1547 5220; baseline 0 -14"><span class='ocrx_word' id='word_1_289' title='bbox 630 5149 1130 5206; x_wconf 70' lang='lat' dir='ltr'><strong>1nw.Lwereaaommsumeta</strong></span> <span class='ocrx_word' id='word_1_290' title='bbox 1209 5150 1357 5220; x_wconf 61' lang='lat' dir='ltr'><strong>‘fidelitatd</strong></span> <span class='ocrx_word' id='word_1_291' title='bbox 1376 5153 1479 5215; x_wconf 83' lang='lat' dir='ltr'><strong>fidelite,</strong></span> <span class='ocrx_word' id='word_1_292' title='bbox 1491 5152 1547 5206; x_wconf 89' lang='lat' dir='ltr'><strong>MS.</strong></span> 
     </span>
    </p>
   </div>
   <div class='ocr_carea' id='block_1_11' title="bbox 0 0 2264 6425">
    <p class='ocr_par' dir='ltr' id='par_1_11' title="bbox 0 0 2264 6425">
     <span class='ocr_line' id='line_1_40' title="bbox 0 0 2264 6425; baseline 0 0"><span class='ocrx_word' id='word_1_293' title='bbox 0 0 2264 6425; x_wconf 95' lang='lat' dir='ltr'><strong> </strong></span> 
     </span>
    </p>
   </div>
  </div>
 </body>
</html>
