4517 6425
693 1163 756 1224 188
817 1175 982 1224 nimum
1006 1173 1221 1226 Pumsrsusis
1244 1176 1408 1227 msrosm
1429 1176 1628 1228 lucrosum

521 1351 943 1438 A.D.1nrs.elegantissimae
975 1351 1068 1439 genti
1091 1352 1287 1440 Anglorum,
1312 1351 1381 1418 Deo
1404 1352 1545 1433 devotae,
1569 1357 1603 1417 et
1624 1354 1717 1439 genti
1731 1351 1760 1410 ¹·

686 1452 824 1534 liberali,
849 1477 922 1542 quae
944 1459 997 1520 tot
1019 1456 1285 1543 oppressionibus
1312 1454 1460 1542 undique
1486 1454 1761 1542 praegravatur.”.

687 1555 734 1622 m
756 1579 831 1623 cum
854 1557 964 1624 exitus
986 1580 1148 1645 uquarum
1171 1557 1370 1625 deducerent
1392 1557 1478 1624 oculi
1498 1557 1578 1643 ejus,
1595 1557 1760 1623 subdidit.

687 1682 877 1739 sermonem,
902 1660 1103 1748 singultibus
1126 1661 1239 1727 crebro
1268 1660 1569 1749 prorumpentibus
1595 1660 1761 1740 “Amici-

686 1785 891 1851 summopere
913 1786 1002 1830 nunc
1017 1763 1160 1843 consulo,
1175 1770 1216 1830 ut
1238 1764 1382 1830 utilitati
1396 1768 1517 1830 vestrae
1540 1763 1742 1851 provideatis

686 1868 723 1930 in
746 1872 913 1952 posterum
935 1855 1154 1953 proventurae.
1201 1867 1332 1933 Revera
1346 1867 1515 1933 tirannide
1537 1868 1623 1954 regis
1639 1866 1761 1933 vestri.

595 1959 597 1964 ’
687 1968 831 2056 oppressi
865 1968 1114 2049 conculcamini,
1148 1969 1206 2034 sed
1239 1968 1269 2035 si
1302 1969 1366 2035 iste
1401 1968 1625 2057 L[odowicus]
1660 1991 1760 2057 prae··

686 2070 807 2151 valeat,
838 2069 963 2136 delebit
993 2094 1053 2137 vos
1087 2072 1128 2137 de
1162 2072 1225 2137 sub
1257 2071 1347 2137 coelo,
1405 2071 1558 2138 Duorum
1580 2071 1761 2137 malorum.

687 2173 796 2237 minus
829 2173 964 2260 eligatis
1020 2175 1070 2239 Ea
1102 2196 1191 2255 vero,
1226 2196 1300 2267 quse
1326 2173 1398 2260 jum
1430 2173 1525 2240 dixi⁹
1547 2174 1651 2251 vobis,
1680 2174 1760 2240 sub.

687 2276 796 2364 sigillo
826 2277 942 2343 secreti
979 2276 1147 2344 teneatis.''
1201 2277 1256 2358 Et,
1291 2277 1356 2343 hiis
1393 2277 1500 2355 dictis,
1534 2276 1656 2344 nobilis
1686 2277 1742 2344 ille
1754 2294 1912 2373 luppwend.

688 2380 845 2446 continuo
868 2381 1043 2469 expiravit.
1779 2376 1816 2412 ¹¹¹·
1827 2366 1885 2413 ³⁸⁴·

755 2657 804 2723 Dc
822 2655 1048 2744 precordiali
1071 2655 1184 2723 dolore
1207 2655 1377 2724 emonam
1399 2664 1428 2725 ct
1451 2656 1664 2726 desolatione.

520 2791 599 2859 Mfflr
610 2796 640 2844 0f
733 2794 819 2859 Cum
842 2798 951 2859 autem
977 2793 1047 2860 haec
1062 2794 1163 2858 verba
1182 2794 1270 2860 inter
1285 2794 1424 2860 barones
1439 2794 1740 2875 disseminarentur,
1753 2795 1911 2876 luppwend.

519 2862 664 2978 ffifflm
687 2895 991 2961 contristabantur³
1025 2897 1245 2973 vehementer,
1281 2901 1315 2962 et
1348 2896 1385 2961 in
1418 2898 1600 2984 semetipsis
1631 2898 1760 2963 dolore.
1776 2878 1812 2915 ΗΒ
1825 2871 1883 2917 ³⁸⁴⁹

519 3010 603 3073 rencs
687 2999 875 3063 vehementi
898 2999 1101 3087 suspirantes
1132 3000 1383 3075 contabuerunt,
1409 2999 1488 3064 dum
1510 3022 1544 3065 se
1567 3000 1759 3087 perplexos.

519 3063 675 3181 {peppppalty
687 3105 722 3165 et
736 3101 995 3167 adversitatibus
1018 3100 1164 3167 irretitos
1180 3101 1326 3188 undique
1341 3101 1593 3190 cognovissent.⁴
1631 3104 1760 3171 Auxit.

686 3211 846 3292 praeterea
868 3204 1041 3271 tristitiam
1064 3228 1190 3286 eorum,
1212 3205 1302 3291 quod
1332 3205 1472 3293 singulis
1493 3217 1602 3272 essent
1625 3205 1741 3273 diebus

686 3307 971 3385 excommunicati,
993 3331 1086 3396 pspae
1121 3329 1252 3395 quoque
1277 3309 1368 3374 exosi
1390 3314 1425 3374 et
1447 3309 1566 3396 legato,
1589 3310 1685 3376 terris
1707 3316 1759 3378 et.

685 3410 952 3499 possessionibus,
974 3411 1136 3477 uxoribus
1159 3415 1194 3476 et
1216 3410 1329 3477 liberis
1352 3411 1585 3478 miserabiliter
1606 3413 1761 3501 privati„

686 3514 806 3601 pmdis
827 3518 863 3581 et
884 3513 1008 3601 rapinis
1039 3514 1194 3580 miseram
1219 3515 1326 3580 vitam
1360 3514 1596 3602 protrahentes.
1643 3515 1762 3603 cogi..

685 3618 866 3684 taverunt⁵
888 3617 994 3706 igitur
1015 3616 1114 3682 multi
1136 3617 1226 3684 inter
1248 3639 1283 3683 se
1305 3624 1424 3684 mutuo
1446 3619 1503 3685 sed
1525 3618 1759 3685 secretissime.
1866 3704 1869 3708 .

685 3722 916 3807 colloquentes,
949 3721 1046 3806 quod,
1078 3720 1167 3786 inter
1202 3719 1337 3786 Scillsm
1359 3727 1394 3787 et
1417 3721 1587 3788 Caribdim
1619 3721 1760 3788 consti.
1790 3802 1793 3808 Ι

686 3823 763 3900 tuti,
787 3824 903 3889 melius
922 3823 1153 3889 arbitrandum
1176 3823 1219 3887 ad
1241 3822 1437 3889 fidelitatem
1461 3824 1554 3911 regis,
1579 3823 1607 3888 si
1629 3824 1759 3889 sinum.

686 3926 823 4011 alicujus
853 3926 1084 3992 misericordiae
1123 3926 1272 3993 inveniro
1309 3931 1451 4013 possent,
1484 3926 1545 3991 sub
1584 3926 1759 4014 ambiguo.

686 4029 866 4094 convolare.
913 4030 995 4096 Haec
1018 4028 1129 4096 omnia
1152 4033 1264 4096 tamen
1286 4029 1394 4096 adhuc
1427 4027 1489 4095 sub
1523 4050 1635 4095 serena
1657 4029 1758 4097 i'acie.

686 4138 781 4199 caute
803 4132 999 4228 palliabant²

835 4372 885 4440 Dc
907 4372 1045 4441 ultimis
1067 4373 1260 4441 cultionibus
1282 4373 1373 4461 repis
1394 4372 1596 4442 «solertioris.6

519 4511 674 4569 Jotnturns
731 4508 885 4590 Tandem,
909 4533 983 4577 cum
1007 4511 1215 4578 Lodouuicus
1236 4510 1324 4599 apud
1345 4511 1512 4577 Doveram
1536 4511 1737 4578 obsidionem
1772 4526 1777 4540 ’

1712 4613 1719 4626 .
1749 4575 1907 4645 ilog.Wend.

518 4584 629 4662 ΜΨ·
686 4614 745 4680 diu
777 4620 811 4680 et
843 4615 989 4681 inaniter
1022 4614 1249 4702 protraxisset,
1272 4637 1331 4680 rex
1354 4614 1557 4702 Jl⁰hamlessl
1584 4614 1620 4680 in
1643 4616 1736 4680 f0rl1·
1774 4647 1811 4698 iii.
1824 4653 1881 4698 ser.

721 4835 817 4902 Ιςιειιεὶ]
836 4835 874 4885 At
888 4834 944 4885 first
954 4834 1053 4886 written
1069 4833 1188 4899 pentibus,
1209 4838 1212 4899 ξ
1270 4834 1738 4902 ⁸copnour'esenthonguovisscntMS.

686 4916 732 5025 bu}
739 4914 971 5061 ἒὶᾜῗέἑιίῃεᾱ.
1209 4928 1213 5021 l
1268 4953 1480 5020 ὗΘοριῖιιιιενιυιί]
1501 4951 1675 5019 Cogiuvernt,
1682 4952 1739 5006 MS.

718 5078 728 5106 ²
739 5072 959 5139 monumentor]
967 5071 1189 5133 concuiubantur,
1268 5074 1278 5102 ⁶
1289 5070 1351 5123 This
1361 5071 1445 5123 rubric
1456 5072 1479 5122 is
1489 5087 1522 5123 on
1534 5087 1568 5123 en
1579 5086 1685 5124 nesure.

686 5154 743 5208 ΜΕ.
