<?xml version="1.0" encoding="UTF-8"?>
<!DOCTYPE html PUBLIC "-//W3C//DTD XHTML 1.0 Transitional//EN"
    "http://www.w3.org/TR/xhtml1/DTD/xhtml1-transitional.dtd">
<html xmlns="http://www.w3.org/1999/xhtml" xml:lang="en" lang="en">
 <head>
  <title>
</title>
<meta http-equiv="Content-Type" content="text/html;charset=utf-8" />
  <meta name='ocr-system' content='tesseract 3.04.00' />
  <meta name='ocr-capabilities' content='ocr_page ocr_carea ocr_par ocr_line ocrx_word'/>
</head>
<body>
  <div class='ocr_page' id='page_1' title='image "./matthiparisiens00parigoog_0086.png"; bbox 0 0 4517 6425; ppageno 0'>
   <div class='ocr_carea' id='block_1_1' title="bbox 671 1158 1620 1224">
    <p class='ocr_par' dir='ltr' id='par_1_1' title="bbox 671 1158 1620 1224">
     <span class='ocr_line' id='line_1_1' title="bbox 671 1158 1620 1224; baseline -0.004 -1"><span class='ocrx_word' id='word_1_1' title='bbox 671 1158 713 1224; x_wconf 78' lang='lat'>74</span> <span class='ocrx_word' id='word_1_2' title='bbox 812 1170 977 1220; x_wconf 75' lang='lat' dir='ltr'>nimrim</span> <span class='ocrx_word' id='word_1_3' title='bbox 1001 1170 1216 1221; x_wconf 78' lang='lat' dir='ltr'>rrsrsrsssrs</span> <span class='ocrx_word' id='word_1_4' title='bbox 1239 1172 1401 1221; x_wconf 79' lang='lat' dir='ltr'>msroms</span> <span class='ocrx_word' id='word_1_5' title='bbox 1423 1171 1620 1221; x_wconf 76' lang='lat' dir='ltr'>suenorum.</span> 
     </span>
    </p>
   </div>
   <div class='ocr_carea' id='block_1_2' title="bbox 501 1461 1718 1549">
    <p class='ocr_par' dir='ltr' id='par_1_2' title="bbox 501 1461 1718 1549">
     <span class='ocr_line' id='line_1_2' title="bbox 501 1461 1718 1549; baseline 0.005 -30"><span class='ocrx_word' id='word_1_6' title='bbox 501 1469 571 1520; x_wconf 70' lang='lat' dir='ltr'>Al).</span> <span class='ocrx_word' id='word_1_7' title='bbox 587 1477 657 1523; x_wconf 80' lang='lat' dir='ltr'>uss.</span> <span class='ocrx_word' id='word_1_8' title='bbox 668 1461 717 1527; x_wconf 85' lang='lat' dir='ltr'>De</span> <span class='ocrx_word' id='word_1_9' title='bbox 733 1462 861 1549; x_wconf 73' lang='lat' dir='ltr'>irrepis</span> <span class='ocrx_word' id='word_1_10' title='bbox 876 1463 970 1530; x_wconf 79' lang='lat' dir='ltr'>iuter</span> <span class='ocrx_word' id='word_1_11' title='bbox 981 1463 1198 1530; x_wconf 70' lang='lat' dir='ltr'>Francorum</span> <span class='ocrx_word' id='word_1_12' title='bbox 1212 1469 1242 1529; x_wconf 85' lang='lat' dir='ltr'>et</span> <span class='ocrx_word' id='word_1_13' title='bbox 1257 1461 1454 1549; x_wconf 73' lang='lat' dir='ltr'>duplorum</span> <span class='ocrx_word' id='word_1_14' title='bbox 1469 1484 1559 1548; x_wconf 73' lang='lat' dir='ltr'>repes</span> <span class='ocrx_word' id='word_1_15' title='bbox 1573 1461 1718 1528; x_wconf 81' lang='lat' dir='ltr'>statutis.</span> 
     </span>
    </p>
   </div>
   <div class='ocr_carea' id='block_1_3' title="bbox 499 1612 1891 4702">
    <p class='ocr_par' dir='ltr' id='par_1_3' title="bbox 501 1612 1890 1701">
     <span class='ocr_line' id='line_1_3' title="bbox 501 1612 1890 1701; baseline -0.004 -23"><span class='ocrx_word' id='word_1_16' title='bbox 501 1613 589 1691; x_wconf 60' lang='lat' dir='ltr'>Philip</span> <span class='ocrx_word' id='word_1_17' title='bbox 712 1612 838 1679; x_wconf 88' lang='lat' dir='ltr'>Videns</span> <span class='ocrx_word' id='word_1_18' title='bbox 861 1613 967 1701; x_wconf 87' lang='lat' dir='ltr'>igitur</span> <span class='ocrx_word' id='word_1_19' title='bbox 989 1637 1050 1680; x_wconf 84' lang='lat' dir='ltr'>rex</span> <span class='ocrx_word' id='word_1_20' title='bbox 1085 1614 1286 1680; x_wconf 80' lang='lat' dir='ltr'><strong>Francorum</strong></span> <span class='ocrx_word' id='word_1_21' title='bbox 1317 1612 1491 1700; x_wconf 84' lang='lat' dir='ltr'>Philippus</span> <span class='ocrx_word' id='word_1_22' title='bbox 1513 1612 1601 1678; x_wconf 87' lang='lat' dir='ltr'>vires</span> <span class='ocrx_word' id='word_1_23' title='bbox 1633 1613 1719 1700; x_wconf 84' lang='lat' dir='ltr'>regis</span> <span class='ocrx_word' id='word_1_24' title='bbox 1731 1621 1890 1701; x_wconf 50' lang='lat' dir='ltr'>Ropwrrnd.</span> 
     </span>
    </p>

    <p class='ocr_par' dir='ltr' id='par_1_4' title="bbox 502 1682 1863 1812">
     <span class='ocr_line' id='line_1_4' title="bbox 502 1682 1863 1812; baseline 0.001 -32"><span class='ocrx_word' id='word_1_25' title='bbox 502 1682 634 1812; x_wconf 50' lang='grc' dir='ltr'>ῗξξιὲῗρὶῗ</span> <span class='ocrx_word' id='word_1_26' title='bbox 667 1714 853 1803; x_wconf 83' lang='lat' dir='ltr'>Anglorum</span> <span class='ocrx_word' id='word_1_27' title='bbox 874 1717 992 1784; x_wconf 90' lang='lat' dir='ltr'>diatim</span> <span class='ocrx_word' id='word_1_28' title='bbox 1015 1739 1222 1798; x_wconf 78' lang='lat' dir='ltr'>succrescere,</span> <span class='ocrx_word' id='word_1_29' title='bbox 1238 1716 1452 1804; x_wconf 87' lang='lat' dir='ltr'>propriasque</span> <span class='ocrx_word' id='word_1_30' title='bbox 1478 1714 1639 1804; x_wconf 84' lang='lat' dir='ltr'>paulatim</span> <span class='ocrx_word' id='word_1_31' title='bbox 1665 1715 1719 1782; x_wconf 88' lang='lat' dir='ltr'>de-</span> <span class='ocrx_word' id='word_1_32' title='bbox 1756 1705 1794 1740; x_wconf 83' lang='lat'>¹¹¹&#39;</span> <span class='ocrx_word' id='word_1_33' title='bbox 1809 1696 1863 1740; x_wconf 60' lang='lat'>¹³²</span> 
     </span>
    </p>

    <p class='ocr_par' dir='ltr' id='par_1_5' title="bbox 501 1816 1720 1931">
     <span class='ocr_line' id='line_1_5' title="bbox 501 1816 1720 1931; baseline 0 -48"><span class='ocrx_word' id='word_1_34' title='bbox 501 1816 617 1931; x_wconf 64' lang='lat' dir='ltr'>umakef</span> <span class='ocrx_word' id='word_1_35' title='bbox 668 1820 772 1899; x_wconf 90' lang='lat' dir='ltr'>ficere,</span> <span class='ocrx_word' id='word_1_36' title='bbox 804 1821 999 1886; x_wconf 73' lang='lat' dir='ltr'>necessitate</span> <span class='ocrx_word' id='word_1_37' title='bbox 1022 1820 1209 1908; x_wconf 90' lang='lat' dir='ltr'>compulsus</span> <span class='ocrx_word' id='word_1_38' title='bbox 1230 1820 1368 1886; x_wconf 89' lang='lat' dir='ltr'>nuncios</span> <span class='ocrx_word' id='word_1_39' title='bbox 1394 1820 1538 1886; x_wconf 86' lang='lat' dir='ltr'>latenter</span> <span class='ocrx_word' id='word_1_40' title='bbox 1561 1819 1604 1885; x_wconf 84' lang='lat' dir='ltr'>ad</span> <span class='ocrx_word' id='word_1_41' title='bbox 1632 1841 1720 1885; x_wconf 90' lang='lat' dir='ltr'>sum-</span> 
     </span>
    </p>

    <p class='ocr_par' dir='ltr' id='par_1_6' title="bbox 499 1889 1890 3044">
     <span class='ocr_line' id='line_1_6' title="bbox 499 1889 1890 2013; baseline 0.001 -26"><span class='ocrx_word' id='word_1_42' title='bbox 499 1889 602 2013; x_wconf 48' lang='grc' dir='ltr'>ἑῖζωρὲο</span> <span class='ocrx_word' id='word_1_43' title='bbox 668 1945 758 1987; x_wconf 92' lang='lat' dir='ltr'>mum</span> <span class='ocrx_word' id='word_1_44' title='bbox 781 1924 969 2010; x_wconf 89' lang='lat' dir='ltr'>pontificem</span> <span class='ocrx_word' id='word_1_45' title='bbox 985 1924 1178 2003; x_wconf 87' lang='lat' dir='ltr'>destinavit,</span> <span class='ocrx_word' id='word_1_46' title='bbox 1202 1945 1388 2012; x_wconf 87' lang='lat' dir='ltr'>proponens</span> <span class='ocrx_word' id='word_1_47' title='bbox 1410 1946 1469 2011; x_wconf 90' lang='lat' dir='ltr'>per</span> <span class='ocrx_word' id='word_1_48' title='bbox 1490 1929 1719 2011; x_wconf 87' lang='lat' dir='ltr'>procuratores</span> <span class='ocrx_word' id='word_1_49' title='bbox 1731 1929 1890 2008; x_wconf 59' lang='lat' dir='ltr'>Ropwend.</span> 
     </span>
     <span class='ocr_line' id='line_1_7' title="bbox 669 2004 1860 2115; baseline -0.001 -24"><span class='ocrx_word' id='word_1_50' title='bbox 669 2048 744 2091; x_wconf 88' lang='lat' dir='ltr'>suos</span> <span class='ocrx_word' id='word_1_51' title='bbox 766 2049 800 2092; x_wconf 91' lang='lat' dir='ltr'>se</span> <span class='ocrx_word' id='word_1_52' title='bbox 815 2026 900 2092; x_wconf 87' lang='lat' dir='ltr'>velle</span> <span class='ocrx_word' id='word_1_53' title='bbox 915 2024 1081 2093; x_wconf 87' lang='lat' dir='ltr'>libenter¹</span> <span class='ocrx_word' id='word_1_54' title='bbox 1107 2049 1308 2115; x_wconf 87' lang='lat' dir='ltr'>componere,</span> <span class='ocrx_word' id='word_1_55' title='bbox 1332 2026 1386 2092; x_wconf 90' lang='lat' dir='ltr'>vel</span> <span class='ocrx_word' id='word_1_56' title='bbox 1405 2049 1463 2115; x_wconf 90' lang='lat' dir='ltr'>per</span> <span class='ocrx_word' id='word_1_57' title='bbox 1485 2032 1618 2115; x_wconf 85' lang='lat' dir='ltr'>treugas</span> <span class='ocrx_word' id='word_1_58' title='bbox 1640 2025 1720 2092; x_wconf 91' lang='lat' dir='ltr'>belli</span> <span class='ocrx_word' id='word_1_59' title='bbox 1758 2004 1860 2049; x_wconf 51' lang='grc' dir='ltr'>ΝΜ·</span> 
     </span>
     <span class='ocr_line' id='line_1_8' title="bbox 668 2129 1721 2219; baseline -0.001 -25"><span class='ocrx_word' id='word_1_60' title='bbox 668 2129 843 2195; x_wconf 81' lang='lat' dir='ltr'>discrimen</span> <span class='ocrx_word' id='word_1_61' title='bbox 874 2131 918 2195; x_wconf 83' lang='lat' dir='ltr'>sd</span> <span class='ocrx_word' id='word_1_62' title='bbox 950 2135 1080 2219; x_wconf 90' lang='lat' dir='ltr'>tempus</span> <span class='ocrx_word' id='word_1_63' title='bbox 1111 2130 1252 2212; x_wconf 88' lang='lat' dir='ltr'>differre,</span> <span class='ocrx_word' id='word_1_64' title='bbox 1275 2136 1315 2194; x_wconf 89' lang='lat' dir='ltr'>ut</span> <span class='ocrx_word' id='word_1_65' title='bbox 1349 2152 1408 2217; x_wconf 88' lang='lat' dir='ltr'>per</span> <span class='ocrx_word' id='word_1_66' title='bbox 1438 2130 1587 2196; x_wconf 91' lang='lat' dir='ltr'>inducias</span> <span class='ocrx_word' id='word_1_67' title='bbox 1617 2130 1721 2217; x_wconf 89' lang='lat' dir='ltr'>ipsius</span> 
     </span>
     <span class='ocr_line' id='line_1_9' title="bbox 668 2231 1723 2321; baseline 0 -24"><span class='ocrx_word' id='word_1_68' title='bbox 668 2234 867 2299; x_wconf 85' lang='lat' dir='ltr'>auctoritate</span> <span class='ocrx_word' id='word_1_69' title='bbox 889 2233 1047 2313; x_wconf 85' lang='lat' dir='ltr'>firmatas,</span> <span class='ocrx_word' id='word_1_70' title='bbox 1071 2232 1304 2321; x_wconf 86' lang='lat' dir='ltr'>cruce-signati</span> <span class='ocrx_word' id='word_1_71' title='bbox 1327 2231 1502 2320; x_wconf 88' lang='lat' dir='ltr'>utriusque</span> <span class='ocrx_word' id='word_1_72' title='bbox 1525 2232 1621 2321; x_wconf 86' lang='lat' dir='ltr'>regni</span> <span class='ocrx_word' id='word_1_73' title='bbox 1643 2237 1723 2297; x_wconf 87' lang='lat' dir='ltr'>vota</span> 
     </span>
     <span class='ocr_line' id='line_1_10' title="bbox 668 2335 1722 2425; baseline -0.001 -23"><span class='ocrx_word' id='word_1_74' title='bbox 668 2360 736 2402; x_wconf 85' lang='lat' dir='ltr'>suae</span> <span class='ocrx_word' id='word_1_75' title='bbox 759 2336 1035 2425; x_wconf 83' lang='lat' dir='ltr'>peregrinationis</span> <span class='ocrx_word' id='word_1_76' title='bbox 1057 2336 1128 2403; x_wconf 91' lang='lat' dir='ltr'>Deo</span> <span class='ocrx_word' id='word_1_77' title='bbox 1150 2337 1347 2425; x_wconf 89' lang='lat' dir='ltr'>persolvere,</span> <span class='ocrx_word' id='word_1_78' title='bbox 1371 2342 1406 2402; x_wconf 91' lang='lat' dir='ltr'>et</span> <span class='ocrx_word' id='word_1_79' title='bbox 1420 2336 1555 2403; x_wconf 85' lang='lat' dir='ltr'>Terram</span> <span class='ocrx_word' id='word_1_80' title='bbox 1579 2335 1722 2401; x_wconf 89' lang='lat' dir='ltr'>Promis-</span> 
     </span>
     <span class='ocr_line' id='line_1_11' title="bbox 667 2438 1722 2527; baseline 0.002 -25"><span class='ocrx_word' id='word_1_81' title='bbox 667 2438 768 2504; x_wconf 90' lang='lat' dir='ltr'>sionis</span> <span class='ocrx_word' id='word_1_82' title='bbox 790 2439 833 2504; x_wconf 91' lang='lat' dir='ltr'>ab</span> <span class='ocrx_word' id='word_1_83' title='bbox 856 2439 1007 2504; x_wconf 81' lang='lat' dir='ltr'>hostibus</span> <span class='ocrx_word' id='word_1_84' title='bbox 1032 2438 1157 2505; x_wconf 88' lang='lat' dir='ltr'>Christi</span> <span class='ocrx_word' id='word_1_85' title='bbox 1180 2444 1335 2527; x_wconf 88' lang='lat' dir='ltr'>potenter</span> <span class='ocrx_word' id='word_1_86' title='bbox 1364 2438 1505 2506; x_wconf 86' lang='lat' dir='ltr'>liberare</span> <span class='ocrx_word' id='word_1_87' title='bbox 1528 2438 1722 2526; x_wconf 84' lang='lat' dir='ltr'>potuissent</span> 
     </span>
     <span class='ocr_line' id='line_1_12' title="bbox 668 2541 1723 2630; baseline 0.002 -24"><span class='ocrx_word' id='word_1_88' title='bbox 668 2541 722 2619; x_wconf 87' lang='lat' dir='ltr'>Et,</span> <span class='ocrx_word' id='word_1_89' title='bbox 743 2547 784 2608; x_wconf 92' lang='lat' dir='ltr'>ut</span> <span class='ocrx_word' id='word_1_90' title='bbox 805 2542 867 2609; x_wconf 87' lang='lat' dir='ltr'>hoc</span> <span class='ocrx_word' id='word_1_91' title='bbox 894 2541 1047 2609; x_wconf 88' lang='lat' dir='ltr'>stabilius</span> <span class='ocrx_word' id='word_1_92' title='bbox 1069 2544 1173 2620; x_wconf 89' lang='lat' dir='ltr'>fieret,</span> <span class='ocrx_word' id='word_1_93' title='bbox 1199 2541 1394 2630; x_wconf 84' lang='lat' dir='ltr'>postulavit,</span> <span class='ocrx_word' id='word_1_94' title='bbox 1417 2547 1457 2607; x_wconf 94' lang='lat' dir='ltr'>ut</span> <span class='ocrx_word' id='word_1_95' title='bbox 1481 2542 1626 2630; x_wconf 80' lang='lat' dir='ltr'>aliquem</span> <span class='ocrx_word' id='word_1_96' title='bbox 1653 2565 1723 2608; x_wconf 85' lang='lat' dir='ltr'>osr-</span> 
     </span>
     <span class='ocr_line' id='line_1_13' title="bbox 667 2644 1722 2734; baseline 0 -25"><span class='ocrx_word' id='word_1_97' title='bbox 667 2644 811 2710; x_wconf 86' lang='lat' dir='ltr'>dinnlem</span> <span class='ocrx_word' id='word_1_98' title='bbox 842 2644 1024 2711; x_wconf 85' lang='lat' dir='ltr'>destinaret</span> <span class='ocrx_word' id='word_1_99' title='bbox 1054 2667 1129 2711; x_wconf 91' lang='lat' dir='ltr'>cum</span> <span class='ocrx_word' id='word_1_100' title='bbox 1160 2650 1327 2732; x_wconf 87' lang='lat' dir='ltr'>potestate</span> <span class='ocrx_word' id='word_1_101' title='bbox 1360 2644 1508 2734; x_wconf 85' lang='lat' dir='ltr'>plenaria</span> <span class='ocrx_word' id='word_1_102' title='bbox 1538 2646 1581 2711; x_wconf 85' lang='lat' dir='ltr'>ad</span> <span class='ocrx_word' id='word_1_103' title='bbox 1611 2650 1722 2733; x_wconf 87' lang='lat' dir='ltr'>partes</span> 
     </span>
     <span class='ocr_line' id='line_1_14' title="bbox 668 2747 1722 2837; baseline 0 -24"><span class='ocrx_word' id='word_1_104' title='bbox 668 2747 854 2826; x_wconf 87' lang='lat' dir='ltr'>occidentis,</span> <span class='ocrx_word' id='word_1_105' title='bbox 883 2747 941 2835; x_wconf 92' lang='lat' dir='ltr'>qui</span> <span class='ocrx_word' id='word_1_106' title='bbox 971 2754 1090 2836; x_wconf 88' lang='lat' dir='ltr'>posset,</span> <span class='ocrx_word' id='word_1_107' title='bbox 1122 2748 1151 2813; x_wconf 91' lang='lat' dir='ltr'>si</span> <span class='ocrx_word' id='word_1_108' title='bbox 1185 2749 1362 2815; x_wconf 75' lang='lat' dir='ltr'>necessitas</span> <span class='ocrx_word' id='word_1_109' title='bbox 1391 2754 1531 2837; x_wconf 84' lang='lat' dir='ltr'>cogeret,</span> <span class='ocrx_word' id='word_1_110' title='bbox 1560 2769 1620 2836; x_wconf 90' lang='lat' dir='ltr'>per</span> <span class='ocrx_word' id='word_1_111' title='bbox 1650 2770 1722 2814; x_wconf 90' lang='lat' dir='ltr'>sen-</span> 
     </span>
     <span class='ocr_line' id='line_1_15' title="bbox 668 2850 1721 2931; baseline 0.001 -14"><span class='ocrx_word' id='word_1_112' title='bbox 668 2851 808 2917; x_wconf 88' lang='lat' dir='ltr'>tentiam</span> <span class='ocrx_word' id='word_1_113' title='bbox 839 2852 893 2917; x_wconf 88' lang='lat' dir='ltr'>vel</span> <span class='ocrx_word' id='word_1_114' title='bbox 920 2850 1136 2917; x_wconf 90' lang='lat' dir='ltr'>interdictum</span> <span class='ocrx_word' id='word_1_115' title='bbox 1163 2851 1199 2917; x_wconf 90' lang='lat' dir='ltr'>in</span> <span class='ocrx_word' id='word_1_116' title='bbox 1223 2852 1421 2918; x_wconf 89' lang='lat' dir='ltr'>alterutrum</span> <span class='ocrx_word' id='word_1_117' title='bbox 1448 2851 1721 2931; x_wconf 81' lang='lat' dir='ltr'>animadvertere,</span> 
     </span>
     <span class='ocr_line' id='line_1_16' title="bbox 668 2954 1721 3044; baseline 0.001 -25"><span class='ocrx_word' id='word_1_118' title='bbox 668 2976 767 3040; x_wconf 90' lang='lat' dir='ltr'>quem</span> <span class='ocrx_word' id='word_1_119' title='bbox 810 2954 853 3019; x_wconf 90' lang='lat' dir='ltr'>ad</span> <span class='ocrx_word' id='word_1_120' title='bbox 892 2955 1095 3021; x_wconf 88' lang='lat' dir='ltr'>concordiam</span> <span class='ocrx_word' id='word_1_121' title='bbox 1135 2961 1168 3022; x_wconf 92' lang='lat' dir='ltr'>et</span> <span class='ocrx_word' id='word_1_122' title='bbox 1205 2978 1318 3044; x_wconf 84' lang='lat' dir='ltr'>paoem</span> <span class='ocrx_word' id='word_1_123' title='bbox 1356 2956 1511 3022; x_wconf 88' lang='lat' dir='ltr'>rebellem</span> <span class='ocrx_word' id='word_1_124' title='bbox 1548 2956 1721 3023; x_wconf 87' lang='lat' dir='ltr'>inveniret.</span> 
     </span>
    </p>

    <p class='ocr_par' dir='ltr' id='par_1_7' title="bbox 503 3057 1741 3148">
     <span class='ocr_line' id='line_1_17' title="bbox 503 3057 1741 3148; baseline -0.001 -26"><span class='ocrx_word' id='word_1_125' title='bbox 503 3061 622 3113; x_wconf 76' lang='lat' dir='ltr'>cardinal</span> <span class='ocrx_word' id='word_1_126' title='bbox 670 3058 772 3123; x_wconf 85' lang='lat' dir='ltr'>Misso</span> <span class='ocrx_word' id='word_1_127' title='bbox 787 3057 891 3144; x_wconf 84' lang='lat' dir='ltr'>igitur</span> <span class='ocrx_word' id='word_1_128' title='bbox 913 3058 956 3123; x_wconf 88' lang='lat' dir='ltr'>ad</span> <span class='ocrx_word' id='word_1_129' title='bbox 979 3059 1039 3123; x_wconf 92' lang='lat' dir='ltr'>hoe</span> <span class='ocrx_word' id='word_1_130' title='bbox 1056 3058 1154 3125; x_wconf 91' lang='lat' dir='ltr'>Petro</span> <span class='ocrx_word' id='word_1_131' title='bbox 1178 3060 1218 3126; x_wconf 93' lang='lat' dir='ltr'>de</span> <span class='ocrx_word' id='word_1_132' title='bbox 1245 3060 1367 3148; x_wconf 83' lang='lat' dir='ltr'>Capua,</span> <span class='ocrx_word' id='word_1_133' title='bbox 1382 3082 1456 3126; x_wconf 90' lang='lat' dir='ltr'>cum</span> <span class='ocrx_word' id='word_1_134' title='bbox 1479 3082 1539 3126; x_wconf 85' lang='lat' dir='ltr'>rex</span> <span class='ocrx_word' id='word_1_135' title='bbox 1561 3059 1741 3125; x_wconf 84' lang='lat' dir='ltr'>Ricardus.</span> 
     </span>
    </p>

    <p class='ocr_par' dir='ltr' id='par_1_8' title="bbox 501 3130 1740 3260">
     <span class='ocr_line' id='line_1_18' title="bbox 501 3130 1740 3260; baseline -0.002 -33"><span class='ocrx_word' id='word_1_136' title='bbox 501 3130 621 3260; x_wconf 48' lang='lat' dir='ltr'>{mss</span> <span class='ocrx_word' id='word_1_137' title='bbox 669 3161 776 3227; x_wconf 86' lang='lat' dir='ltr'>multa</span> <span class='ocrx_word' id='word_1_138' title='bbox 801 3160 1045 3228; x_wconf 83' lang='lat' dir='ltr'>rationabiliter</span> <span class='ocrx_word' id='word_1_139' title='bbox 1069 3161 1278 3249; x_wconf 72' lang='lat' dir='ltr'>objiciend02</span> <span class='ocrx_word' id='word_1_140' title='bbox 1302 3163 1531 3253; x_wconf 87' lang='lat' dir='ltr'>respondisset,</span> <span class='ocrx_word' id='word_1_141' title='bbox 1559 3164 1630 3252; x_wconf 88' lang='lat' dir='ltr'>ipse</span> <span class='ocrx_word' id='word_1_142' title='bbox 1652 3184 1740 3229; x_wconf 67' lang='lat' dir='ltr'>car.</span> 
     </span>
    </p>

    <p class='ocr_par' dir='ltr' id='par_1_9' title="bbox 501 3264 1891 3382">
     <span class='ocr_line' id='line_1_19' title="bbox 501 3264 1891 3382; baseline 0.001 -52"><span class='ocrx_word' id='word_1_143' title='bbox 501 3266 608 3382; x_wconf 45' lang='lat'>⁸132&amp;</span> <span class='ocrx_word' id='word_1_144' title='bbox 669 3265 798 3344; x_wconf 82' lang='lat' dir='ltr'>dinalis,</span> <span class='ocrx_word' id='word_1_145' title='bbox 821 3287 897 3354; x_wconf 85' lang='lat' dir='ltr'>rege</span> <span class='ocrx_word' id='word_1_146' title='bbox 920 3265 1105 3352; x_wconf 81' lang='lat' dir='ltr'>Anglorum</span> <span class='ocrx_word' id='word_1_147' title='bbox 1127 3289 1273 3333; x_wconf 87' lang='lat' dir='ltr'>seorsum</span> <span class='ocrx_word' id='word_1_148' title='bbox 1303 3268 1475 3347; x_wconf 83' lang='lat' dir='ltr'>advocato,</span> <span class='ocrx_word' id='word_1_149' title='bbox 1506 3264 1891 3355; x_wconf 58' lang='lat' dir='ltr'>recognoviusquenu.</span> 
     </span>
    </p>

    <p class='ocr_par' dir='ltr' id='par_1_10' title="bbox 502 3339 1864 4702">
     <span class='ocr_line' id='line_1_20' title="bbox 502 3339 1864 3463; baseline 0.002 -30"><span class='ocrx_word' id='word_1_150' title='bbox 502 3339 626 3463; x_wconf 36' lang='lat' dir='ltr'>postapur-</span> <span class='ocrx_word' id='word_1_151' title='bbox 669 3369 700 3434; x_wconf 89' lang='lat' dir='ltr'>ei</span> <span class='ocrx_word' id='word_1_152' title='bbox 721 3370 782 3435; x_wconf 92' lang='lat' dir='ltr'>sub</span> <span class='ocrx_word' id='word_1_153' title='bbox 798 3369 904 3457; x_wconf 82' lang='lat' dir='ltr'>sigillo</span> <span class='ocrx_word' id='word_1_154' title='bbox 928 3369 1138 3435; x_wconf 81' lang='lat' dir='ltr'>confessionis</span> <span class='ocrx_word' id='word_1_155' title='bbox 1161 3371 1395 3450; x_wconf 68' lang='lat' dir='ltr'>secretissima,</span> <span class='ocrx_word' id='word_1_156' title='bbox 1418 3371 1506 3457; x_wconf 94' lang='lat' dir='ltr'>quod</span> <span class='ocrx_word' id='word_1_157' title='bbox 1529 3371 1572 3437; x_wconf 89' lang='lat' dir='ltr'>ad</span> <span class='ocrx_word' id='word_1_158' title='bbox 1595 3373 1740 3439; x_wconf 74' lang='lat' dir='ltr'>iustam.</span> <span class='ocrx_word' id='word_1_159' title='bbox 1759 3357 1795 3393; x_wconf 50' lang='lat' dir='ltr'>”L</span> <span class='ocrx_word' id='word_1_160' title='bbox 1809 3347 1864 3395; x_wconf 74' lang='lat'>¹³⁴·</span> 
     </span>
     <span class='ocr_line' id='line_1_21' title="bbox 669 3473 1721 3564; baseline 0.001 -25"><span class='ocrx_word' id='word_1_161' title='bbox 669 3473 752 3539; x_wconf 89' lang='lat' dir='ltr'>tiam</span> <span class='ocrx_word' id='word_1_162' title='bbox 774 3473 877 3561; x_wconf 90' lang='lat' dir='ltr'>ipsius</span> <span class='ocrx_word' id='word_1_163' title='bbox 898 3474 985 3561; x_wconf 86' lang='lat' dir='ltr'>regis</span> <span class='ocrx_word' id='word_1_164' title='bbox 1009 3473 1210 3539; x_wconf 84' lang='lat' dir='ltr'>Francorum</span> <span class='ocrx_word' id='word_1_165' title='bbox 1237 3474 1355 3541; x_wconf 89' lang='lat' dir='ltr'>missus</span> <span class='ocrx_word' id='word_1_166' title='bbox 1378 3474 1488 3540; x_wconf 85' lang='lat' dir='ltr'>fuerat</span> <span class='ocrx_word' id='word_1_167' title='bbox 1511 3497 1532 3540; x_wconf 90' lang='lat' dir='ltr'>a</span> <span class='ocrx_word' id='word_1_168' title='bbox 1564 3497 1656 3564; x_wconf 86' lang='lat' dir='ltr'>papa,</span> <span class='ocrx_word' id='word_1_169' title='bbox 1681 3480 1721 3540; x_wconf 86' lang='lat' dir='ltr'>ut</span> 
     </span>
     <span class='ocr_line' id='line_1_22' title="bbox 668 3577 1722 3666; baseline -0.001 -24"><span class='ocrx_word' id='word_1_170' title='bbox 668 3578 756 3643; x_wconf 91' lang='lat' dir='ltr'>inter</span> <span class='ocrx_word' id='word_1_171' title='bbox 793 3599 848 3643; x_wconf 86' lang='lat' dir='ltr'>eos</span> <span class='ocrx_word' id='word_1_172' title='bbox 885 3577 1064 3664; x_wconf 89' lang='lat' dir='ltr'>prudenter</span> <span class='ocrx_word' id='word_1_173' title='bbox 1101 3583 1318 3663; x_wconf 85' lang='lat' dir='ltr'>componeret</span> <span class='ocrx_word' id='word_1_174' title='bbox 1378 3578 1482 3644; x_wconf 87' lang='lat' dir='ltr'>Dedit</span> <span class='ocrx_word' id='word_1_175' title='bbox 1517 3578 1622 3666; x_wconf 86' lang='lat' dir='ltr'>igitur</span> <span class='ocrx_word' id='word_1_176' title='bbox 1651 3577 1722 3666; x_wconf 82' lang='lat' dir='ltr'>regi</span> 
     </span>
     <span class='ocr_line' id='line_1_23' title="bbox 670 3680 1722 3770; baseline -0.002 -22"><span class='ocrx_word' id='word_1_177' title='bbox 670 3680 844 3770; x_wconf 87' lang='lat' dir='ltr'>R[icardo]</span> <span class='ocrx_word' id='word_1_178' title='bbox 877 3681 1058 3758; x_wconf 89' lang='lat' dir='ltr'>consilium,</span> <span class='ocrx_word' id='word_1_179' title='bbox 1087 3681 1239 3769; x_wconf 88' lang='lat' dir='ltr'>precibus</span> <span class='ocrx_word' id='word_1_180' title='bbox 1268 3681 1445 3768; x_wconf 86' lang='lat' dir='ltr'>adjunctis,</span> <span class='ocrx_word' id='word_1_181' title='bbox 1481 3687 1521 3748; x_wconf 89' lang='lat' dir='ltr'>ut</span> <span class='ocrx_word' id='word_1_182' title='bbox 1550 3682 1612 3748; x_wconf 85' lang='lat' dir='ltr'>hae</span> <span class='ocrx_word' id='word_1_183' title='bbox 1649 3681 1722 3747; x_wconf 83' lang='lat' dir='ltr'>vice</span> 
     </span>
     <span class='ocr_line' id='line_1_24' title="bbox 669 3783 1723 3874; baseline 0 -26"><span class='ocrx_word' id='word_1_184' title='bbox 669 3785 886 3871; x_wconf 89' lang='lat' dir='ltr'>petitionibus</span> <span class='ocrx_word' id='word_1_185' title='bbox 909 3784 1037 3850; x_wconf 91' lang='lat' dir='ltr'>domini</span> <span class='ocrx_word' id='word_1_186' title='bbox 1059 3806 1154 3871; x_wconf 84' lang='lat' dir='ltr'>papae</span> <span class='ocrx_word' id='word_1_187' title='bbox 1177 3784 1270 3850; x_wconf 91' lang='lat' dir='ltr'>mitis</span> <span class='ocrx_word' id='word_1_188' title='bbox 1293 3808 1331 3851; x_wconf 86' lang='lat' dir='ltr'>ac</span> <span class='ocrx_word' id='word_1_189' title='bbox 1365 3784 1581 3874; x_wconf 87' lang='lat' dir='ltr'>deprecabilis</span> <span class='ocrx_word' id='word_1_190' title='bbox 1606 3783 1723 3870; x_wconf 91' lang='lat' dir='ltr'>adqui-</span> 
     </span>
     <span class='ocr_line' id='line_1_25' title="bbox 670 3888 1722 3977; baseline -0.001 -24"><span class='ocrx_word' id='word_1_191' title='bbox 670 3895 800 3967; x_wconf 87' lang='lat' dir='ltr'>esceret,</span> <span class='ocrx_word' id='word_1_192' title='bbox 822 3890 963 3954; x_wconf 85' lang='lat' dir='ltr'>sciturus</span> <span class='ocrx_word' id='word_1_193' title='bbox 993 3910 1052 3975; x_wconf 91' lang='lat' dir='ltr'>pro</span> <span class='ocrx_word' id='word_1_194' title='bbox 1083 3894 1182 3969; x_wconf 84' lang='lat' dir='ltr'>certo,</span> <span class='ocrx_word' id='word_1_195' title='bbox 1207 3890 1294 3974; x_wconf 88' lang='lat' dir='ltr'>quod</span> <span class='ocrx_word' id='word_1_196' title='bbox 1329 3890 1483 3955; x_wconf 89' lang='lat' dir='ltr'>dominus</span> <span class='ocrx_word' id='word_1_197' title='bbox 1505 3911 1591 3977; x_wconf 87' lang='lat' dir='ltr'>papa</span> <span class='ocrx_word' id='word_1_198' title='bbox 1613 3888 1722 3975; x_wconf 90' lang='lat' dir='ltr'>ipsum</span> 
     </span>
     <span class='ocr_line' id='line_1_26' title="bbox 669 3991 1723 4079; baseline 0.001 -24"><span class='ocrx_word' id='word_1_199' title='bbox 669 3991 710 4056; x_wconf 91' lang='lat' dir='ltr'>de</span> <span class='ocrx_word' id='word_1_200' title='bbox 733 3992 885 4056; x_wconf 89' lang='lat' dir='ltr'>omnibus</span> <span class='ocrx_word' id='word_1_201' title='bbox 907 3992 975 4057; x_wconf 88' lang='lat' dir='ltr'>suis</span> <span class='ocrx_word' id='word_1_202' title='bbox 1010 3992 1146 4079; x_wconf 81' lang='lat' dir='ltr'>agendis</span> <span class='ocrx_word' id='word_1_203' title='bbox 1175 3992 1368 4079; x_wconf 87' lang='lat' dir='ltr'>propensius</span> <span class='ocrx_word' id='word_1_204' title='bbox 1398 3991 1578 4058; x_wconf 83' lang='lat' dir='ltr'>exaudiret.</span> <span class='ocrx_word' id='word_1_205' title='bbox 1626 3992 1723 4057; x_wconf 80' lang='lat' dir='ltr'>Gom-</span> 
     </span>
     <span class='ocr_line' id='line_1_27' title="bbox 670 4095 1742 4183; baseline 0.001 -24"><span class='ocrx_word' id='word_1_206' title='bbox 670 4100 762 4160; x_wconf 86' lang='lat' dir='ltr'>mota</span> <span class='ocrx_word' id='word_1_207' title='bbox 785 4100 863 4161; x_wconf 90' lang='lat' dir='ltr'>sunt</span> <span class='ocrx_word' id='word_1_208' title='bbox 884 4095 989 4182; x_wconf 87' lang='lat' dir='ltr'>igitur</span> <span class='ocrx_word' id='word_1_209' title='bbox 1012 4096 1137 4161; x_wconf 82' lang='lat' dir='ltr'>viscere</span> <span class='ocrx_word' id='word_1_210' title='bbox 1159 4095 1244 4183; x_wconf 86' lang='lat' dir='ltr'>regis</span> <span class='ocrx_word' id='word_1_211' title='bbox 1267 4095 1409 4182; x_wconf 89' lang='lat' dir='ltr'>piissimi</span> <span class='ocrx_word' id='word_1_212' title='bbox 1424 4095 1568 4176; x_wconf 85' lang='lat' dir='ltr'>Ricardi,</span> <span class='ocrx_word' id='word_1_213' title='bbox 1592 4118 1634 4160; x_wconf 90' lang='lat' dir='ltr'>cx</span> <span class='ocrx_word' id='word_1_214' title='bbox 1657 4118 1742 4183; x_wconf 90' lang='lat' dir='ltr'>quo·</span> 
     </span>
     <span class='ocr_line' id='line_1_28' title="bbox 670 4197 1743 4286; baseline 0.001 -24"><span class='ocrx_word' id='word_1_215' title='bbox 670 4198 803 4264; x_wconf 89' lang='lat' dir='ltr'>audivit</span> <span class='ocrx_word' id='word_1_216' title='bbox 825 4198 914 4285; x_wconf 91' lang='lat' dir='ltr'>quod</span> <span class='ocrx_word' id='word_1_217' title='bbox 936 4220 997 4264; x_wconf 86' lang='lat' dir='ltr'>rex</span> <span class='ocrx_word' id='word_1_218' title='bbox 1019 4197 1222 4264; x_wconf 81' lang='lat' dir='ltr'>Francorum</span> <span class='ocrx_word' id='word_1_219' title='bbox 1245 4220 1314 4264; x_wconf 87' lang='lat' dir='ltr'>sese</span> <span class='ocrx_word' id='word_1_220' title='bbox 1336 4198 1414 4265; x_wconf 88' lang='lat' dir='ltr'>lieet</span> <span class='ocrx_word' id='word_1_221' title='bbox 1447 4199 1632 4286; x_wconf 86' lang='lat' dir='ltr'>compulsus</span> <span class='ocrx_word' id='word_1_222' title='bbox 1661 4199 1743 4263; x_wconf 79' lang='lat' dir='ltr'>hu·-</span> 
     </span>
     <span class='ocr_line' id='line_1_29' title="bbox 671 4301 1743 4390; baseline -0.002 -24"><span class='ocrx_word' id='word_1_223' title='bbox 671 4303 823 4384; x_wconf 89' lang='lat' dir='ltr'>miliavit,</span> <span class='ocrx_word' id='word_1_224' title='bbox 838 4303 927 4390; x_wconf 82' lang='lat' dir='ltr'>pacis</span> <span class='ocrx_word' id='word_1_225' title='bbox 943 4324 1093 4390; x_wconf 86' lang='lat' dir='ltr'>quaerens</span> <span class='ocrx_word' id='word_1_226' title='bbox 1109 4301 1327 4369; x_wconf 78' lang='lat' dir='ltr'>diverticula.⁴</span> <span class='ocrx_word' id='word_1_227' title='bbox 1374 4303 1619 4371; x_wconf 89' lang='lat' dir='ltr'>Promotionem</span> <span class='ocrx_word' id='word_1_228' title='bbox 1633 4303 1743 4370; x_wconf 79' lang='lat' dir='ltr'>insu.</span> 
     </span>
     <span class='ocr_line' id='line_1_30' title="bbox 669 4404 1722 4495; baseline 0.004 -25"><span class='ocrx_word' id='word_1_229' title='bbox 669 4428 728 4494; x_wconf 91' lang='lat' dir='ltr'>per</span> <span class='ocrx_word' id='word_1_230' title='bbox 744 4404 895 4488; x_wconf 73' lang='lat' dir='ltr'>Othonis³</span> <span class='ocrx_word' id='word_1_231' title='bbox 911 4406 1041 4494; x_wconf 91' lang='lat' dir='ltr'>nepotis</span> <span class='ocrx_word' id='word_1_232' title='bbox 1067 4405 1128 4488; x_wconf 87' lang='lat' dir='ltr'>sui,</span> <span class='ocrx_word' id='word_1_233' title='bbox 1144 4427 1249 4494; x_wconf 90' lang='lat' dir='ltr'>nuper</span> <span class='ocrx_word' id='word_1_234' title='bbox 1270 4406 1306 4471; x_wconf 92' lang='lat' dir='ltr'>in</span> <span class='ocrx_word' id='word_1_235' title='bbox 1333 4428 1442 4495; x_wconf 79' lang='lat' dir='ltr'>regem</span> <span class='ocrx_word' id='word_1_236' title='bbox 1461 4407 1722 4474; x_wconf 81' lang='lat' dir='ltr'>Alemannorum</span> 
     </span>
     <span class='ocr_line' id='line_1_31' title="bbox 670 4508 1724 4596; baseline 0.001 -21"><span class='ocrx_word' id='word_1_237' title='bbox 670 4508 840 4575; x_wconf 69' lang='lat' dir='ltr'>eoronati³</span> <span class='ocrx_word' id='word_1_238' title='bbox 862 4509 1087 4575; x_wconf 83' lang='lat' dir='ltr'>affectaverat.</span> <span class='ocrx_word' id='word_1_239' title='bbox 1134 4508 1186 4574; x_wconf 93' lang='lat' dir='ltr'>Ut</span> <span class='ocrx_word' id='word_1_240' title='bbox 1208 4509 1313 4596; x_wconf 78' lang='lat' dir='ltr'>igitur</span> <span class='ocrx_word' id='word_1_241' title='bbox 1334 4510 1513 4577; x_wconf 87' lang='lat' dir='ltr'>faeillorem</span> <span class='ocrx_word' id='word_1_242' title='bbox 1536 4512 1674 4578; x_wconf 87' lang='lat' dir='ltr'>haberet</span> <span class='ocrx_word' id='word_1_243' title='bbox 1703 4535 1724 4576; x_wconf 89' lang='lat' dir='ltr'>a</span> 
     </span>
     <span class='ocr_line' id='line_1_32' title="bbox 669 4612 1723 4702; baseline 0.001 -23"><span class='ocrx_word' id='word_1_244' title='bbox 669 4635 754 4702; x_wconf 86' lang='lat' dir='ltr'>papa</span> <span class='ocrx_word' id='word_1_245' title='bbox 776 4614 820 4679; x_wconf 90' lang='lat' dir='ltr'>ad</span> <span class='ocrx_word' id='word_1_246' title='bbox 846 4612 1047 4700; x_wconf 84' lang='lat' dir='ltr'>imperialem</span> <span class='ocrx_word' id='word_1_247' title='bbox 1078 4613 1357 4679; x_wconf 79' lang='lat' dir='ltr'>consecrationem</span> <span class='ocrx_word' id='word_1_248' title='bbox 1380 4637 1551 4693; x_wconf 86' lang='lat' dir='ltr'>accessum,</span> <span class='ocrx_word' id='word_1_249' title='bbox 1576 4615 1723 4680; x_wconf 90' lang='lat' dir='ltr'>omnium</span> 
     </span>
    </p>
   </div>
   <div class='ocr_carea' id='block_1_4' title="bbox 669 4713 1724 4806">
    <p class='ocr_par' dir='ltr' id='par_1_11' title="bbox 669 4713 1724 4806">
     <span class='ocr_line' id='line_1_33' title="bbox 669 4713 1724 4806; baseline 0.002 -25"><span class='ocrx_word' id='word_1_250' title='bbox 669 4717 777 4783; x_wconf 86' lang='lat' dir='ltr'>victus</span> <span class='ocrx_word' id='word_1_251' title='bbox 800 4716 952 4805; x_wconf 90' lang='lat' dir='ltr'>precibus</span> <span class='ocrx_word' id='word_1_252' title='bbox 976 4713 1157 4802; x_wconf 89' lang='lat' dir='ltr'>adquievit.</span> <span class='ocrx_word' id='word_1_253' title='bbox 1204 4715 1311 4806; x_wconf 79' lang='lat' dir='ltr'>Reges</span> <span class='ocrx_word' id='word_1_254' title='bbox 1333 4717 1438 4806; x_wconf 82' lang='lat' dir='ltr'>igitur</span> <span class='ocrx_word' id='word_1_255' title='bbox 1460 4719 1497 4784; x_wconf 92' lang='lat' dir='ltr'>in</span> <span class='ocrx_word' id='word_1_256' title='bbox 1521 4741 1626 4784; x_wconf 90' lang='lat' dir='ltr'>unum</span> <span class='ocrx_word' id='word_1_257' title='bbox 1649 4740 1724 4784; x_wconf 93' lang='lat' dir='ltr'>eon·</span> 
     </span>
    </p>
   </div>
   <div class='ocr_carea' id='block_1_5' title="bbox 676 4888 1418 4898">
    <p class='ocr_par' dir='ltr' id='par_1_12' title="bbox 676 4888 1418 4898">
     <span class='ocr_line' id='line_1_34' title="bbox 676 4888 1418 4898; baseline 0.003 -4"><span class='ocrx_word' id='word_1_258' title='bbox 676 4889 983 4895; x_wconf 74' lang='grc'>..-...-.-.-.--.,-.-</span> <span class='ocrx_word' id='word_1_259' title='bbox 1001 4889 1010 4893; x_wconf 87' lang='grc'>--</span> <span class='ocrx_word' id='word_1_260' title='bbox 1029 4888 1108 4898; x_wconf 76' lang='lat'><em>..——·-</em></span> <span class='ocrx_word' id='word_1_261' title='bbox 1125 4888 1146 4893; x_wconf 90' lang='lat'>--</span> <span class='ocrx_word' id='word_1_262' title='bbox 1169 4888 1315 4895; x_wconf 71' lang='lat'><em>---..-.......</em></span> <span class='ocrx_word' id='word_1_263' title='bbox 1341 4891 1418 4896; x_wconf 71' lang='lat'>.—</span> 
     </span>
    </p>
   </div>
   <div class='ocr_carea' id='block_1_6' title="bbox 670 4978 1722 5208">
    <p class='ocr_par' dir='ltr' id='par_1_13' title="bbox 670 4978 1722 5208">
     <span class='ocr_line' id='line_1_35' title="bbox 705 4978 1688 5049; baseline 0.004 -21"><span class='ocrx_word' id='word_1_264' title='bbox 705 4981 711 5011; x_wconf 88' lang='lat'><strong>¹</strong></span> <span class='ocrx_word' id='word_1_265' title='bbox 724 4981 836 5048; x_wconf 78' lang='lat' dir='ltr'>libenter]</span> <span class='ocrx_word' id='word_1_266' title='bbox 856 4982 931 5032; x_wconf 75' lang='lat' dir='ltr'>Alter</span> <span class='ocrx_word' id='word_1_267' title='bbox 942 4981 994 5030; x_wconf 85' lang='lat' dir='ltr'>this</span> <span class='ocrx_word' id='word_1_268' title='bbox 1005 4981 1075 5029; x_wconf 78' lang='lat' dir='ltr'>word</span> <span class='ocrx_word' id='word_1_269' title='bbox 1083 4978 1125 5029; x_wconf 90' lang='lat' dir='ltr'>W.</span> <span class='ocrx_word' id='word_1_270' title='bbox 1138 4979 1170 5029; x_wconf 93' lang='grc' dir='ltr'>Β.</span> <span class='ocrx_word' id='word_1_271' title='bbox 1252 4982 1423 5049; x_wconf 71' lang='lat' dir='ltr'>³recopnoeit]</span> <span class='ocrx_word' id='word_1_272' title='bbox 1443 4981 1618 5047; x_wconf 82' lang='lat' dir='ltr'>recongnovit,</span> <span class='ocrx_word' id='word_1_273' title='bbox 1631 4982 1688 5032; x_wconf 76' lang='lat' dir='ltr'>MS.</span> 
     </span>
     <span class='ocr_line' id='line_1_36' title="bbox 670 5059 1722 5129; baseline -0.005 -15"><span class='ocrx_word' id='word_1_274' title='bbox 670 5062 698 5114; x_wconf 87' lang='lat' dir='ltr'>C.</span> <span class='ocrx_word' id='word_1_275' title='bbox 712 5064 768 5122; x_wconf 86' lang='lat' dir='ltr'>add,</span> <span class='ocrx_word' id='word_1_276' title='bbox 780 5068 794 5089; x_wconf 79' lang='lat'>‘¹</span> <span class='ocrx_word' id='word_1_277' title='bbox 803 5078 861 5112; x_wconf 91' lang='lat' dir='ltr'>cum</span> <span class='ocrx_word' id='word_1_278' title='bbox 873 5078 932 5126; x_wconf 81' lang='lat' dir='ltr'>rege</span> <span class='ocrx_word' id='word_1_279' title='bbox 944 5059 1114 5124; x_wconf 84' lang='lat' dir='ltr'>Anglorum.”</span> <span class='ocrx_word' id='word_1_280' title='bbox 1252 5061 1429 5129; x_wconf 58' lang='lat' dir='ltr'>⁴theonesto]</span> <span class='ocrx_word' id='word_1_281' title='bbox 1438 5061 1722 5123; x_wconf 74' lang='lat' dir='ltr'>divercula‚blS.andb¹,</span> 
     </span>
     <span class='ocr_line' id='line_1_37' title="bbox 702 5141 1609 5208; baseline 0.001 -17"><span class='ocrx_word' id='word_1_282' title='bbox 702 5141 867 5208; x_wconf 80' lang='lat' dir='ltr'>²objicr&#39;eudo]</span> <span class='ocrx_word' id='word_1_283' title='bbox 887 5141 1029 5204; x_wconf 87' lang='lat' dir='ltr'>obiciendo,</span> <span class='ocrx_word' id='word_1_284' title='bbox 1041 5141 1098 5191; x_wconf 82' lang='lat' dir='ltr'>MS.</span> <span class='ocrx_word' id='word_1_285' title='bbox 1251 5143 1395 5208; x_wconf 53' lang='grc' dir='ltr'>ὅοονοιιιιιί]</span> <span class='ocrx_word' id='word_1_286' title='bbox 1417 5141 1540 5204; x_wconf 85' lang='lat' dir='ltr'>coronari,</span> <span class='ocrx_word' id='word_1_287' title='bbox 1554 5141 1609 5194; x_wconf 88' lang='lat' dir='ltr'>MS.</span> 
     </span>
    </p>
   </div>
   <div class='ocr_carea' id='block_1_7' title="bbox 0 0 2268 6420">
    <p class='ocr_par' dir='ltr' id='par_1_14' title="bbox 0 0 2268 6420">
     <span class='ocr_line' id='line_1_38' title="bbox 0 0 2268 6420; baseline 0 0"><span class='ocrx_word' id='word_1_288' title='bbox 0 0 2268 6420; x_wconf 95' lang='lat' dir='ltr'> </span> 
     </span>
    </p>
   </div>
  </div>
 </body>
</html>
