4517 6425
865 1197 910 1246 ou
931 1196 1093 1246 rsuroau
1115 1198 1217 1247 aasrs
1239 1197 1422 1249 tonsurus
1608 1187 1670 1251 111

616 1372 681 1437 hiis
718 1372 905 1440 rationibus
947 1375 1134 1462 propositis,
1177 1376 1346 1462 petierunt
1385 1381 1424 1441 ut
1461 1376 1520 1441 illa
1558 1375 1673 1442 electio
1686 1383 1755 1435 Μ).
1770 1388 1841 1437 1207.

607 1476 873 1558 confirmaretur,
904 1500 979 1565 quae
1009 1479 1096 1543 clara
1125 1499 1204 1544 voce
1236 1484 1270 1543 et
1301 1479 1373 1544 lucc
1397 1479 1471 1556 diei,
1499 1502 1576 1565 rege
1598 1502 1675 1546 con·

618 1581 781 1645 sentiente
797 1586 831 1645 et
854 1581 956 1646 etiam
980 1586 1150 1668 praesente,
1175 1603 1249 1646 cum
1272 1581 1414 1646 testibus
1437 1580 1586 1646 idoneis¹
1609 1583 1674 1647 rite

443 1697 607 1761 Roawend.
619 1682 728 1748 fuerat
752 1684 922 1751 celebrata.
969 1685 1121 1772 Denique
1144 1691 1219 1773 post
1249 1685 1371 1752 multas
1401 1685 1578 1751 hincinde
1611 1686 1675 1751 dis-

470 1765 509 1814 ffi·
524 1771 582 1817 ²¹²·
619 1786 847 1875 captationes,2
876 1810 952 1853 cum
974 1811 1061 1877 papa
1091 1790 1311 1855 intellexisset
1342 1793 1452 1876 partes
1477 1790 1514 1855 in
1543 1789 1674 1855 unicam

619 1911 791 1979 personam
821 1913 889 1956 non
919 1913 1013 1979 posse
1045 1893 1227 1970 convenire,
1252 1893 1366 1958 ambas
1397 1893 1548 1970 cassavit,
1571 1894 1674 1980 parti-
1688 1898 1745 1949 The
1762 1915 1825 1965 pope

620 1994 682 2059 bus
702 1993 902 2059 interdicens
921 1999 955 2059 et
978 2017 1036 2084 per
1060 1996 1262 2061 sententiam
1283 1996 1497 2063 diffinitivam
1516 2000 1674 2074 statuens,
1687 1968 1826 2086 ζῖξθέῗρο,

620 2119 662 2163 ne
693 2097 735 2162 de
768 2103 876 2163 cetero
910 2099 954 2164 ad
989 2100 1289 2187 archiepiscopatus
1306 2179 1308 2182 Ι
1323 2100 1480 2166 honorem
1514 2100 1675 2166 alteruter
1687 2104 1761 2153 tione.

603 2198 822 2269 ‚electorum³
836 2201 1020 2288 aspiraret.⁴
1051 2202 1125 2267 Rex
1141 2208 1250 2267 autem
1265 2203 1451 2290 Anglorum
1462 2203 1485 2267 J
1489 2202 1674 2290 [ohannes],

602 2304 680 2391 ·qui
705 2304 858 2369 sitienter
879 2306 1120 2392 promotionem
1144 2306 1288 2393 episcopi
1303 2306 1527 2372 Norwicensis
1550 2307 1676 2372 deside-

602 2405 726 2484 ·rabat,
748 2407 827 2493 quia
849 2408 997 2493 specialis
1020 2408 1073 2474 ei⁵
1096 2407 1169 2487 suit,
1186 2410 1326 2474 verbum
1346 2431 1444 2475 suum
1463 2415 1618 2497 posuerat
1640 2410 1677 2475 in

603 2531 677 2574 ·ore
691 2510 747 2576 xii.
771 2509 903 2576 illorum
919 2511 1058 2577 Romam
1081 2511 1354 2577 destinandorum
1377 2512 1476 2599 regiis
1490 2513 1676 2599 sumptibus

548 2676 557 2690 ,
602 2614 922 2694 ·sustentandorum,
955 2615 1042 2702 quod
1076 2615 1251 2681 efficaciter
1284 2621 1498 2702 procurarent
1532 2620 1572 2680 ut
1601 2638 1677 2702 pro-

603 2729 810 2782 ·moveretur
845 2717 955 2783 dictus
993 2718 1163 2806 episcopus
1200 2718 1223 2783 J
1226 2718 1409 2806 [ohannes].
1467 2718 1677 2785 Convenerat

604 2825 733 2885 ¹autem
763 2820 852 2885 inter
884 2841 993 2907 regem
1025 2825 1060 2886 et
1091 2821 1276 2899 monachos,
1308 2822 1459 2909 praestito
1486 2821 1677 2907 juramento

604 2944 696 3002 .cum
721 2923 798 2988 fidei
822 2924 1081 3011 interpositione,
1106 2924 1195 3011 quod
1217 2925 1429 2991 nullomodo
1451 2925 1553 2990 alium
1576 2947 1676 3011 quam

603 3076 610 3089 .
623 3026 762 3091 eundem
777 3025 801 3090 J
804 3026 997 3112 [ohannem]
1015 3028 1176 3113 eligerent
1185 3028 1216 3108 ;6
1238 3028 1406 3093 habebant
1420 3027 1555 3115 insuper
1570 3030 1676 3116 regias

605 3129 733 3194 ‚literas
759 3151 856 3218 super
878 3130 940 3196 hoc
970 3132 1011 3195 de
1044 3138 1126 3197 rato.
1185 3130 1252 3197 Sed
1279 3133 1343 3219 ipsi
1369 3130 1521 3197 monaehi
1552 3133 1585 3195 in
1616 3132 1676 3197 hoc

605 3233 793 3300 ‚involucro
809 3235 901 3300 ducti
921 3240 957 3300 et
977 3235 1113 3315 seducti,
1138 3236 1240 3300 immo
1263 3238 1375 3321 potius
1397 3236 1563 3313 infatuati,
1587 3243 1676 3322 post

604 3359 722 3422 ‚quam
751 3337 992 3405 intellexerunt
1022 3339 1215 3404 electionem
1246 3340 1326 3404 dicti
1358 3339 1382 3403 J
1385 3337 1551 3426 [ohannis]
1582 3362 1675 3425 papae

606 3441 723 3505 nimis
749 3442 919 3528 displicere
953 3448 988 3508 et
1014 3443 1141 3519 cassari,
1172 3442 1425 3529 suggerentibus
1456 3442 1676 3507 cardinalibus

605 3548 659 3609 ·et
674 3545 774 3609 stiam
789 3545 922 3609 domino
944 3567 1030 3632 papa
1052 3550 1088 3610 et
1110 3545 1361 3624 affirmantibus,
1383 3545 1480 3610 licere
1503 3545 1550 3609 eis
1565 3565 1676 3629 quem-

604 3670 751 3735 ·cunque
774 3647 899 3713 vellent
929 3649 1055 3735 eligere,
1083 3653 1123 3714 ut
1153 3645 1289 3714 secure⁷
1316 3648 1506 3714 electionem
1536 3647 1677 3713 celebra-

605 3758 707 3828 ·rent,
730 3752 810 3816 dum
832 3751 929 3816 modo
949 3757 1122 3817 strenuum
1147 3757 1181 3817 et
1203 3753 1366 3840 praecipue
1380 3753 1558 3839 Anglicum
1579 3751 1677 3838 ehge-

604 3859 706 3919 -rent
762 3855 942 3942 Elegerunt
972 3854 1078 3942 igitur
1101 3856 1235 3921 consilio
1265 3878 1360 3943 papae
1395 3861 1429 3922 et
1460 3855 1676 3921 cardinalium
1689 3873 1844 3925 'rhemonks

605 3957 821 4044 ·magistrum
845 3958 1050 4044 Stephanum
1077 3959 1117 4024 de
1151 3958 1336 4046 Langetun,
1370 3959 1576 4036 cardinalem,
1611 3981 1675 4045 quo
1689 3943 1827 4060 {31⁰}ss

605 4081 691 4125 .non
715 4064 789 4126 erat
812 4061 918 4146 major
943 4061 979 4125 in
1006 4062 1106 4141 curia,
1129 4061 1231 4127 immo
1252 4083 1312 4128 nec
1334 4063 1364 4126 ei
1386 4082 1447 4149 par
1468 4064 1504 4126 in
1530 4062 1677 4127 moribus
1688 4077 1756 4195 ppos
1768 4079 1799 4127 de

605 4167 659 4228 ..et
684 4164 830 4229 scientia
877 4163 931 4228 Ex
957 4169 1038 4231 tunc
1065 4187 1143 4253 ergo
1167 4187 1235 4231 non
1264 4166 1375 4252 potuit
1402 4167 1432 4230 ei
1454 4188 1540 4252 papa
1566 4166 1676 4231 deesse
1727 4153 1843 4210 ngetune.

605 4266 660 4330 ·in
685 4268 775 4333 omni
798 4267 1022 4345 tribulatione,
1046 4269 1124 4355 quia
1147 4275 1297 4334 creatura
1321 4290 1381 4333 sua
1402 4269 1475 4334 fuit.
1521 4268 1606 4334 Cum
1630 4270 1676 4334 sic

605 4391 702 4455 ·ergo
726 4369 848 4435 electus
871 4371 988 4436 fuisset
1018 4371 1127 4437 dictus
1156 4373 1315 4459 magister
1343 4370 1539 4458 Stephanus,
1563 4393 1675 4437 omnes

605 4471 775 4537 ··monachi
791 4472 1045 4539 Cantuarienses
1060 4475 1117 4560 qui
1134 4475 1247 4540 Romae
1270 4475 1414 4555 fuerunt,
1437 4480 1472 4540 et
1495 4476 1552 4562 qui
1575 4476 1675 4540 etiam

605 4577 717 4663 ·prius
732 4576 1003 4654 adversabantur,
1014 4600 1089 4643 cum
1105 4576 1248 4664 hynrno⁸
1265 4578 1337 4643 “Te
1350 4577 1458 4643 Deum
1474 4578 1646 4642 laudamus
1656 4577 1674 4602 '³

660 4787 665 4815 ¹
679 4785 784 4851 tiones]
804 4786 918 4850 ydoneis,
930 4785 986 4835 MS.
1208 4791 1217 4817 ⁵
1229 4786 1344 4852 speciata
1355 4789 1391 4852 ci]
1412 4788 1453 4838 On
1465 4803 1498 4836 an
1510 4802 1615 4837 erasure.

658 4864 879 4930 2(Ιίιῑιίφίαηὀτιεκ]
934 4865 1128 4929 deceptationes,
1207 4867 1351 4933 “eligerem
1372 4867 1505 4930 elegerent,
1518 4866 1574 4915 MS.

626 4944 682 4994 MS.
695 4946 746 4993 and
757 4945 786 4994 F.
1148 4965 1150 4970 ⁴
1207 4950 1215 4975 ⁷
1227 4947 1322 5010 secure]
1342 4952 1442 5004 secrete,
1456 4946 1528 5005 Edu,
1540 4947 1584 4995 but
1599 4945 1672 4994 with-

658 5026 667 5053 ¹
679 5022 817 5089 electorum]
837 5025 965 5084 elatorum,
976 5025 1032 5075 MS.
1173 5033 1217 5075 out
1228 5026 1363 5089 authority.

660 5104 816 5169 *as-piram]
837 5105 948 5155 Written
969 5112 995 5154 at
1014 5104 1069 5154 first
1085 5122 1126 5153 us·
1147 5140 1150 5161 ,
1206 5104 1324 5168 ⁵¹tyrano]
1345 5119 1430 5168 ymno,
1442 5104 1497 5153 MS.

623 5183 958 5249 pwaaunou
1146 5168 1150 5236 l
