4517 6425
709 1198 937 1248 Dammana
959 1197 1061 1247 arara
1083 1198 1237 1260 ueneror,
1261 1199 1329 1250 mn.
1352 1198 1474 1249 rnnrn.
1548 1184 1606 1246 501

759 1491 887 1579 Aliqui
906 1514 939 1558 ae
961 1491 1218 1559 rationabiliter
1239 1498 1408 1559 manant.
1624 1504 1693 1556 nn.
1707 1512 1781 1563 1245.

604 1645 688 1713 Cum
722 1655 835 1715 autem
865 1649 909 1714 ad
943 1650 1118 1716 concilium
1152 1650 1305 1737 generale
1340 1649 1532 1716 convocatio
1566 1647 1610 1712 ad
1623 1654 1699 1707 Some
1710 1671 1752 1708 ne

480 1754 482 1757 ’
558 1750 739 1815 multorum
773 1752 976 1817 audientiam
1010 1753 1216 1840 pervenisset
1247 1754 1471 1840 praelatorum,
1506 1751 1610 1838 aliqui
1622 1725 1770 1841 {perpurgata

558 1852 601 1916 ad
622 1853 687 1918 iter
707 1865 936 1939 praeparantur
958 1854 1204 1942 arripiendum;
1226 1855 1330 1941 aliqui
1352 1855 1452 1942 regiis
1467 1854 1610 1940 negotiis
1623 1856 1749 1938 homnae..

558 1954 776 2033 intendentes,
800 1956 905 2042 aliqui
927 1938 1029 2022 ‘senes
1061 1962 1096 2022 et
1128 1957 1359 2022 valitudinarii
1390 1958 1444 2023 vel
1477 1957 1609 2036 infirmi,
1624 1925 1729 1989 “mg
1740 1932 1769 1976 η’

557 2078 627 2122 sese
649 2058 904 2124 rationabilibus
926 2060 1040 2137 causis,
1062 2081 1121 2147 per
1143 2061 1315 2125 dominum
1346 2082 1458 2148 regem
1487 2059 1611 2146 suppli-

559 2163 687 2224 cantem
710 2166 744 2225 et
766 2161 994 2227 testimonium
1017 2163 1154 2227 veritati
1185 2163 1422 2250 perhibentem,
1446 2159 1500 2228 et¹
1524 2184 1611 2227 com-

559 2266 708 2347 petentes
742 2269 976 2350 procuratores,
998 2287 1042 2331 ne
1075 2266 1119 2331 ad
1151 2265 1324 2331 concilium
1356 2266 1519 2345 venirent,
1554 2267 1612 2330 en-¹

560 2370 725 2432 cusantur.

590 2697 641 2762 De
663 2696 810 2785 proclam
830 2697 995 2807 incendio
1018 2699 1114 2786 opud
1136 2698 1355 2784 Lupodunum
1377 2698 1576 2785 dampnoso.
1661 2721 1664 2726 ·

604 2854 730 2921 Diebus
759 2879 837 2923 nero
861 2858 1092 2945 Rogationum
1116 2858 1197 2922 dum
1219 2857 1364 2929 ministri
1386 2856 1518 2944 papales
1541 2859 1779 2927 uua22-24M25·

559 2959 706 3025 noctium
728 2962 839 3025 minus
873 2967 969 3026 caute
1002 2962 1114 3047 ignem
1149 2960 1362 3036 custodirent,
1384 2959 1536 3025 incendio
1558 2981 1607 3025 re·
1621 2942 1777 3062 cmm

558 3063 696 3147 pentino
718 3065 912 3129 combusta²
936 3070 986 3129 est
1008 3085 1135 3129 camera
1150 3061 1277 3128 domini
1299 3084 1393 3149 papae
1415 3062 1504 3150 apud
1519 3062 1733 3149 Lug-tumeat

558 3166 694 3231 dunum.
740 3167 889 3233 Ministri
911 3171 1033 3244 autem,
1049 3172 1089 3232 ut
1111 3188 1206 3233 suam
1229 3171 1425 3232 excusarent
1447 3165 1606 3231 desidiam
1620 3143 1715 3210 Lyono.

555 3274 588 3333 et
611 3267 835 3355 imperitiam‚³
857 3271 1013 3336 dicebaut
1034 3270 1252 3336 incendiarios
1283 3271 1426 3335 occultos
1450 3269 1566 3334 missos
1587 3275 1771 3335 aTheblamo

555 3370 742 3436 Fretherioo
764 3373 875 3460 ignem
899 3373 1023 3439 occulte
1054 3373 1272 3458 subposuisse,
1295 3377 1335 3437 ut
1356 3373 1464 3458 ipsum
1486 3394 1606 3459 papam
1619 3344 1767 3463 ἓξὲξ

556 3473 601 3538 sic
623 3473 860 3561 peremissent.⁴
906 3475 1061 3541 Creditur
1083 3476 1185 3541 etiam
1207 3475 1314 3562 ipsam
1335 3479 1461 3541 cartam
1483 3475 1526 3540 de
1547 3476 1607 3542 tri·
1620 3479 1778 3545 sentbythe

555 3576 637 3642 huto
661 3578 794 3665 Angliae
816 3578 954 3644 feliciter
975 3577 1099 3644 fuisse⁶
1121 3579 1180 3644 illo
1202 3579 1280 3666 igne
1304 3578 1533 3644 combustam.⁶
1620 3553 1740 3610 ‘mm'

592 3882 598 3912 ¹
617 3882 653 3947 et]
672 3882 721 3941 vel,
734 3882 765 3934 B.
778 3880 807 3933 C.
1104 3887 1142 3930 eet
1158 3880 1288 3942 comberto,
1305 3879 1469 3932 moerentibus
1488 3879 1609 3931 nonsatis

590 3963 601 3992 ²
617 3960 752 4027 combusta]
766 3963 896 4022 conbusta,
907 3960 965 4012 MS.
1103 3962 1203 4010 maistre
1215 3960 1439 4027 interpretantibus,
1450 3959 1515 4026 quod
1527 3962 1608 4028 protis

589 4044 600 4072 ³
617 4041 774 4107 inperitiam]
788 4040 928 4105 imperinm,
939 4039 996 4091 Ms.
1103 4056 1208 4090 aceensa
1219 4047 1262 4100 est,
1271 4037 1402 4090 otacilieet
1411 4042 1448 4090 eie
1459 4041 1607 4090 womebneot

590 4121 782 4187 ⁴peremnsent]
796 4120 950 4185 peremisset,
961 4119 1018 4170 MS.
1103 4121 1224 4186 acciperet
1256 4119 1366 4169 doninus
1394 4136 1468 4186 papa
1496 4118 1608 4185 expendi

590 4201 600 4228 ³
609 4201 706 4267 sabee]
729 4201 856 4266 Repented
875 4199 1059 4265 superfluously
1099 4201 1230 4264 pecuniam
1260 4207 1363 4265 propter
1396 4201 1606 4250 restaurationes.

557 4280 622 4330 after
633 4282 695 4346 iqne.
1105 4277 1158 4329 Sed
1166 4295 1220 4329 oum
1231 4278 1367 4329 incendium
1375 4277 1434 4343 plue
1442 4294 1516 4344 quom
1523 4276 1606 4328 mede-

590 4360 696 4408 ‘minue
712 4367 783 4409 conte
807 4397 814 4409 .
837 4397 843 4410 .
867 4397 874 4410 .
897 4357 1056 4424 contactum]
1103 4356 1176 4408 lotar
1205 4357 1337 4420 deseviret,
1359 4357 1482 4408 conlecta
1504 4364 1563 4406 runt
1583 4363 1608 4405 et

556 4434 630 4489 With
641 4438 685 4488 the
701 4439 835 4503 exception
850 4439 881 4488 of
893 4438 1059 4489 thelastfire
1103 4435 1156 4487 olio
1175 4453 1229 4503 qnoe
1249 4436 1402 4489 habebantur
1420 4439 1527 4487 corioro.
1568 4435 1608 4484 Et

555 4519 639 4568 words
661 4519 743 4568 added
760 4518 788 4567 in
800 4519 844 4569 the
859 4518 1059 4583 lower-margin,
1095 4518 1154 4582 suit
1175 4517 1300 4568 multorom
1321 4518 1431 4577 watto,
1450 4514 1515 4581 quod
1530 4514 1607 4564 detes·

556 4597 627 4648 these
645 4597 712 4648 lines
729 4612 773 4647 are
789 4598 889 4648 written
906 4613 940 4648 on
962 4599 1059 4662 apiece
1104 4595 1186 4646 emta
1213 4596 1258 4647 illo
1285 4605 1366 4657 corto,
1389 4611 1443 4660 quoe
1466 4593 1495 4643 de
1518 4593 1607 4643 mlum

502 4675 506 4688 ‘
557 4677 588 4726 ot⁴
604 4677 698 4727 vellum
714 4677 802 4741 posted
818 4691 879 4726 over
894 4675 939 4726 the
949 4677 1059 4741 original
1103 4676 1201 4742 Anqlioe
1220 4674 1264 4725 aab
1283 4693 1338 4741 repe
1357 4673 1474 4724 Joltcnne
1495 4673 1608 4738 consecto

557 4763 620 4818 text,
654 4755 747 4817 which,
781 4755 905 4820 although
940 4755 1059 4820 pertially
1096 4757 1194 4819 suerat,
1216 4755 1294 4806 eodem
1319 4753 1429 4804 incendio
1457 4754 1483 4801 in
1505 4753 1609 4802 marem

558 4837 654 4899 erased,
674 4851 722 4886 ean
743 4837 775 4885 be
791 4836 850 4885 thus
866 4836 934 4896 read,
950 4834 1061 4900 crapulis
1106 4835 1157 4900 [est
1174 4833 1307 4900 redacta]‚·
1327 4833 1415 4899 nearly
1434 4849 1463 4884 as
1481 4831 1507 4882 in
1523 4830 1556 4882 B.
1577 4831 1607 4884 C.

558 4952 640 4967 ....
660 4913 820 4981 [de]diosent‚
837 4913 948 4978 quadam
970 4913 1060 4962 amini·
1104 4915 1204 4966 ended.
1217 4914 1298 4979 wate,
1312 4929 1337 4977 p.
1350 4918 1406 4964 658.

554 5010 739 5063 popoeeomero
754 5012 808 5046 cum
824 4992 932 5044 omnibus
942 4993 1060 5043 eontentio
