4517 6425
649 1135 692 1200 90
775 1146 942 1197 usurum
965 1145 1177 1197 rsarsmssrs
1199 1144 1364 1197 maroam
1386 1145 1586 1196 nuanoaun.

480 1334 550 1385 Μ).
564 1339 635 1387 1201.
648 1322 800 1411 generale
830 1320 1001 1410 proposuit
1024 1321 1181 1401 edictum,
1204 1325 1244 1385 ut
1274 1322 1409 1386 comites
1438 1326 1474 1386 et
1495 1321 1643 1399 barones,
1666 1326 1700 1385 et

480 1428 537 1478 The
551 1428 595 1478 ua·
649 1449 763 1492 omnes
784 1427 843 1512 qui
864 1425 1009 1491 militare
1031 1426 1063 1489 ei
1077 1424 1252 1489 servitium
1275 1423 1449 1503 debebant,
1468 1424 1577 1513 parati
1592 1428 1721 1490 essent-

480 1509 603 1613 mlum-
649 1530 739 1616 apud
761 1527 979 1606 Portesmues‚
1001 1550 1076 1594 cum
1107 1526 1201 1612 equis
1223 1530 1258 1592 et
1280 1526 1388 1607 armis,
1410 1528 1454 1592 ad
1483 1528 1701 1593 transfretan-

480 1629 571 1678 mones
582 1634 609 1677 to
648 1632 729 1696 dum
752 1653 827 1696 cum
850 1653 888 1696 eo
914 1631 957 1696 ed
986 1634 1098 1717 partes
1129 1628 1376 1711 transmarinae,
1409 1629 1463 1695 die
1493 1629 1701 1697 Pentecostes

480 1710 568 1811 {ff
568 1709 637 1760 9⁸³5
642 1734 714 1821 jam
744 1734 898 1800 instante.
944 1732 1109 1798 Veniente
1132 1736 1243 1798 autem
1268 1732 1321 1797 die
1343 1736 1482 1813 statuto,
1507 1733 1615 1813 multi,
1637 1733 1701 1798 im·

480 1829 580 1879 ³b¹⁰⁸⁶¹
648 1834 1350 1924 petratalieentia‚remanser1mt,dantes
1379 1833 1450 1922 regi
1481 1836 1521 1902 de
1552 1834 1701 1924 quolibet

505 1910 618 1977 ΝΜ·
647 1945 741 2005 scuto
764 1938 846 2005 duas
869 1959 995 2004 marcas
1017 1936 1157 2023 argenti.

730 2258 780 2324 Dc
802 2256 969 2343 oropistro
992 2258 1133 2326 Statorio
1154 2257 1196 2325 de
1220 2256 1388 2345 Thermop
1403 2257 1497 2346 sacto
1519 2265 1621 2324 moto.
1713 2307 1720 2323 .

481 2416 613 2470 Simonde
693 2404 819 2471 Diebus
837 2404 898 2469 sub
921 2404 1043 2470 eisdem
1066 2403 1226 2491 magister
1248 2404 1374 2489 Symon
1397 2405 1438 2469 de
1462 2404 1630 2490 Thurnay,
1644 2427 1719 2472 ex„

479 2484 605 2602 {my
648 2507 897 2574 cellentissimus
918 2507 1100 2593 theologus,
1127 2506 1207 2571 dum
1236 2506 1397 2591 jactando
1424 2512 1549 2573 temere
1578 2509 1721 2575 (fimet,

480 2618 562 2682 1011st
647 2612 684 2676 in
698 2612 786 2677 scola
806 2632 866 2677 sua
888 2610 1006 2698 palam,
1031 2632 1065 2676 se
1091 2610 1172 2676 scire
1194 2614 1302 2676 totam
1324 2610 1430 2697 legem
1452 2610 1558 2676 dhesu
1579 2612 1719 2698 impro-

480 2685 567 2803 m}
647 2714 757 2779 bando
779 2714 963 2801 reprobare,
979 2713 1086 2779 factus
1102 2716 1154 2777 est
1169 2712 1281 2778 subito
1304 2718 1418 2779 mutus
1440 2718 1474 2779 et
1494 2714 1575 2780 adeo
1590 2715 1719 2792 laicus·

646 2821 687 2882 ut
709 2839 769 2882 nec
791 2813 1020 2902 alphabetum¹
1044 2816 1152 2901 legere
1174 2816 1280 2893 sciret,
1300 2838 1362 2881 nec
1384 2816 1592 2883 Dominicam
1620 2817 1719 2885 Ora·

648 2920 771 2986 tionem
794 2919 1017 3005 pronunciare.
1064 2919 1246 3005 Episcopus
1269 2919 1500 2986 Dunelmensis
1520 2920 1719 2986 Nicholaus·

648 3022 737 3086 vidit
762 3021 868 3086 filium
898 3020 1044 3106 ejusdem
1072 3019 1218 3085 Simonis
1248 3021 1419 3087 docentem
1449 3027 1578 3109 patrem
1604 3045 1721 3088 suum·
1776 3106 1779 3110 Ι

648 3124 769 3200 literas,
791 3124 876 3189 sicut
911 3128 996 3189 esset
1025 3144 1109 3209 puer
1135 3123 1304 3210 septennis
1333 3122 1520 3203 illiteratus,
1546 3125 1605 3211 qui
1630 3126 1721 3192 baec·

649 3227 731 3292 mihi
754 3228 825 3293 haec
854 3226 1011 3292 scribenti
1034 3248 1094 3313 pro
1116 3226 1203 3292 facto
1226 3226 1417 3294 enarravit.2

481 3566 612 3633 rheking
677 3542 722 3611 Ut
744 3565 804 3610 rec
825 3549 856 3609 et
877 3541 1025 3628 repiaa⁸
1048 3539 1091 3607 ia
1112 3540 1376 3608 Normooac'oscc
1398 3542 1678 3628 traafretosat.

480 3636 622 3752 didssqdili
695 3692 870 3760 Celebrate
892 3693 996 3779 igitur
1016 3692 1106 3778 apud
1130 3691 1339 3758 Portesmues
1353 3691 1597 3779 sollempnitate
1620 3692 1701 3758 Pon·
1714 3686 1872 3805 Ropwepo.

482 3769 586 3900 ἓξὲξ
649 3801 796 3874 tecostes,
812 3818 872 3861 rex
888 3817 963 3860 cum
981 3795 1096 3882 regina
1118 3816 1178 3859 sue
1198 3816 1301 3859 naves
1321 3794 1546 3873 ascenderunt,
1569 3801 1604 3860 et
1619 3794 1721 3882 peri·
1739 3771 1776 3806 ¹¹¹⁶
1791 3761 1821 3806 ¹⁶
1840 3793 1846 3806 '

481 3927 604 3991 rnendy
649 3902 723 3965 cula
737 3898 834 3986 passi,
849 3898 984 3964 tandem
1007 3897 1043 3961 in
1060 3897 1266 3963 Normannia
1288 3894 1525 3985 applicuerunt.
1571 3897 1722 3964 Deinde·

482 3992 636 4072 megenger
650 4006 877 4068 convenerunt
907 4000 950 4065 ad
987 4000 1186 4085 colloquium
1218 3998 1418 4066 Francorum
1449 4002 1484 4063 et
1517 3998 1702 4087 Anglorum

481 4062 621 4179 dnhdhdohn
648 4125 740 4192 reges
754 4124 854 4192 prope
877 4103 1021 4167 insulam
1038 4101 1219 4184 andeliaci,
1236 4107 1270 4169 et
1293 4102 1425 4190 pacifice
1443 4101 1600 4183 convenit
1615 4102 1703 4169 inter·

482 4212 553 4262 John
568 4224 629 4274 s⁰e⁸
651 4229 713 4273 eos.
759 4206 805 4271 Et
826 4210 903 4292 post
924 4203 1085 4284 triduum,
1116 4227 1177 4270 rex
1202 4204 1227 4270 J
1231 4205 1416 4292 [ohannes],
1439 4203 1482 4269 ad
1507 4204 1703 4291 petitionem

482 4277 609 4396 sslffi',
649 4311 736 4398 regis
766 4309 978 4385 Francorum,
1004 4306 1099 4373 venit
1126 4307 1281 4387 ParisiuS,
1306 4313 1340 4374 et
1370 4306 1493 4373 ibidem
1519 4306 1557 4371 in
1578 4309 1703 4395 palatio

482 4411 629 4492 5⁸&oein
649 4411 736 4500 regis
757 4410 944 4498 hospitatus
967 4417 1026 4487 est,
1049 4432 1124 4497 rege
1145 4432 1179 4476 se
1195 4410 1275 4475 alibi
1297 4409 1474 4498 recipiente
1491 4408 1702 4492 Francorum,

481 4481 615 4599 iffi?
615 4485 626 4528 t
651 4514 804 4582 videlicet
818 4515 854 4578 in
869 4511 984 4579 Veteri
999 4512 1144 4600 Templo.
1177 4513 1223 4579 Et
1243 4536 1317 4579 cum
1336 4512 1523 4594 honorifice,
1539 4518 1580 4578 ut
1593 4537 1704 4604 regem

651 4617 796 4700 decebat,
811 4618 1019 4704 reciperetur,
1042 4617 1236 4703 gaudebant
1258 4616 1358 4683 multi
1384 4615 1425 4682 de
1449 4637 1563 4705 regum
1585 4622 1724 4711 mutuo·

746 4812 850 4819 ,,.,,-
864 4810 1298 4817 .-.—...-—..*...—

684 4938 871 5006 ¹olptctctm]
890 4936 922 4989 Iu
939 4937 1055 5000 thetext,
1066 4935 1154 5003 clota
1200 4935 1228 4986 in
1246 4950 1334 5001 marg,
1357 4936 1406 4986 end
1424 4936 1535 4988 inserted
1550 4935 1579 4988 iu
1596 4935 1705 4988 tbetext

653 5021 841 5084 tumbutoorr.
853 5019 974 5083 inmarg.
1201 5016 1231 5067 of
1243 5014 1274 5066 F.

684 5099 846 5166 ’Episcopus
855 5135 878 5151 ..
891 5097 1046 5163 xvimam]
1059 5095 1153 5148 Added
1234 5096 1357 5162 ³re9taa]
1372 5095 1436 5161 regi,
1446 5095 1504 5147 MS.
