4517 6425
640 1156 705 1219 246
761 1166 928 1218 usurum
951 1166 1165 1217 rsammusrs
1188 1163 1353 1215 msroms
1376 1164 1577 1215 sucnoauu.

474 1354 543 1412 AD.
557 1361 629 1412 1221.
640 1343 773 1410 cleriom
795 1364 871 1408 suos
894 1342 1067 1409 mittentes
1089 1345 1124 1407 et
1148 1340 1334 1420 monachos,
1349 1340 1538 1428 episcopum
1561 1359 1693 1409 accusa·

641 1450 764 1513 verunt
784 1444 822 1511 in
839 1445 964 1511 multis
1010 1444 1125 1511 Effusa
1139 1444 1244 1532 igitur
1259 1466 1328 1511 non
1347 1444 1486 1510 minima
1506 1464 1581 1509 cum
1600 1440 1713 1507 inani.

642 1550 754 1614 labore
786 1548 935 1634 pecunia,
968 1546 1192 1637 impetrarunt
1224 1546 1360 1613 literas¹
1396 1546 1441 1611 ad
1466 1544 1627 1632 quosdam
1657 1543 1715 1609 in.

474 1665 554 1728 Papsl
643 1651 767 1739 Anglia
799 1655 950 1737 potentes
973 1655 1008 1716 et
1040 1650 1227 1737 prudentes,
1259 1650 1317 1735 qui
1349 1670 1469 1736 papam
1502 1669 1600 1735 super
1629 1645 1714 1713 hiis.

474 1733 599 1863 {ffi’ng
644 1754 822 1820 redderent
844 1751 1040 1819 certiorem.2
1095 1752 1180 1819 (ium
1206 1757 1319 1817 autem
1344 1752 1452 1817 literae
1481 1751 1547 1817 illae
1574 1771 1716 1837 graves.

475 1865 585 1931 inquiry.
644 1863 678 1923 et
708 1854 943 1936 accusatoriae,⁸
965 1856 1002 1919 in
1024 1855 1144 1942 quibus
1174 1856 1288 1942 itaque
1309 1854 1490 1921 notabatur
1514 1853 1715 1940 episcopus.

567 2023 570 2035 ,
644 1967 662 1997 “
677 1959 766 2046 quod
786 1964 963 2046 postquam
983 1957 1049 2024 fuit
1075 1959 1119 2024 ad
1143 1957 1286 2025 officium
1308 1958 1498 2046 pontificale
1512 1960 1713 2044 promotus„

643 2083 720 2128 reus
749 2062 928 2148 sanguinis,
960 2062 1128 2147 symoniae,
1156 2061 1322 2142 adulterii,
1359 2060 1531 2146 sacrilegii,
1560 2060 1715 2145 rapinae„

643 2164 787 2251 perjurii,
810 2185 848 2229 ac
870 2163 1064 2249 multiplicis
1087 2163 1340 2251 dilapidationis
1362 2163 1536 2228 manifeste
1560 2161 1717 2228 effectus.

645 2266 721 2346 est,”
744 2267 885 2332 fuissent
900 2267 1053 2352 perlectae
1076 2267 1113 2330 in
1134 2268 1311 2353 praesentia
1326 2272 1539 2332 executorum
1555 2270 1591 2331 et
1611 2264 1716 2329 mul-.

643 2375 755 2435 torum
785 2369 928 2435 ecclesiae
958 2391 1155 2456 magnorum
1185 2370 1400 2457 praelatorum
1430 2375 1465 2434 et
1496 2368 1716 2445 clericorum.

644 2473 848 2538 erubuerunt
873 2471 1046 2538 audientes
1069 2495 1137 2538 non
1161 2471 1371 2538 mediocriter
1393 2494 1453 2559 pro
1475 2471 1581 2537 tantis
1604 2492 1715 2535 enon.

643 2575 818 2640 mitatibus
844 2574 982 2655 confusi,
1011 2575 1090 2660 quia
1114 2574 1276 2641 nonnulla
1302 2596 1381 2639 vera
1406 2574 1494 2638 sama
1524 2573 1716 2638 laborante.

644 2678 853 2743 videbantur.
900 2676 1125 2743 Surrexemnt
1149 2678 1255 2763 igitur
1276 2677 1387 2743 clerici
1417 2676 1569 2764 episcopi,
1601 2680 1867 2762 quas-Bou·Wend

644 2781 722 2852 dam
745 2780 966 2847 recusationes
992 2779 1129 2847 frivolas
1156 2785 1191 2847 et
1215 2780 1348 2846 fallaces
1371 2779 1556 2865 allegantes
1582 2783 1698 2846 contra
1744 2751 1832 2801 Μ’

645 2887 835 2950 executores
856 2889 1061 2961 memoratos,
1085 2889 1196 2970 atque,
1222 2905 1265 2949 ne
1295 2883 1511 2970 procederent
1530 2882 1567 2946 in
1589 2882 1698 2967 inqui·

646 2986 767 3053 sitione
790 2986 959 3072 praedicta,
982 2987 1193 3072 praesentiam
1216 2985 1343 3051 domini
1364 3007 1459 3072 papae
1480 2984 1697 3072 appellarunt.

479 3097 588 3162 Theba
647 3087 815 3155 Arcadem
837 3094 949 3155 autem
972 3090 1143 3175 episcopus
1166 3088 1203 3154 in
1224 3088 1357 3176 propria
1379 3110 1518 3176 persona
1540 3092 1618 3153 ante
1641 3110 1717 3175 pa·.

478 3172 630 3294 ffidfanu
646 3192 755 3282 palem
784 3192 1005 3280 praesentiam,
1028 3192 1144 3258 multis
1170 3192 1321 3259 facundis
1351 3214 1389 3258 ac
1415 3190 1532 3278 peritis
1555 3191 1718 3280 stipatus.

479 3299 605 3364 gainam
648 3295 783 3382 legistis,
804 3296 960 3383 respectis
983 3296 1163 3362 honorifice
1184 3295 1285 3362 nimis
1304 3294 1466 3374 omnibus,
1491 3295 1548 3382 qui
1567 3317 1718 3362 eausam.

480 3368 601 3499 {ssffll
648 3421 741 3465 suam
772 3403 929 3485 poterant
953 3398 1147 3484 justificare,
1178 3397 1221 3463 ad
1251 3402 1369 3463 votum
1399 3399 1571 3487 negotium
1602 3419 1721 3463 suum.

480 3522 566 3586 Impe
648 3500 827 3588 expedivit.
873 3501 1112 3568 Verumtamen
1130 3500 1301 3567 ecclesiam
1316 3522 1410 3566 suam
1433 3502 1515 3567 adeo
1537 3502 1719 3589 depaupe.

480 3589 632 3708 lffildhis
649 3605 747 3684 ravit,
780 3609 820 3669 ut
857 3609 934 3691 post
966 3605 1089 3670 multos
1122 3625 1227 3669 annos
1261 3624 1329 3668 non
1367 3603 1494 3669 valeret
1531 3603 1719 3690 respirare„

481 3723 585 3775 charon
650 3706 753 3771 donec
770 3705 926 3773 videlicet
940 3711 1016 3794 post
1031 3707 1178 3793 ejusdem
1200 3711 1341 3773 mortem
1363 3703 1606 3775 desideratam⁴
1629 3726 1716 3772 sue.

649 3830 755 3874 cessor
778 3809 924 3895 ejusdem
955 3810 1100 3897 episcopi
1122 3806 1308 3888 Ricardus,⁵
1341 3806 1582 3895 cognomento⁶
1613 3808 1718 3873 Pau·.

650 3933 717 3997 per,
750 3911 838 3977 sicut
867 3934 1007 3998 sequens
1029 3933 1137 3978 sermo
1171 3933 1230 3977 suo
1261 3912 1332 3977 loco
1354 3911 1485 3997 plenius
1508 3909 1716 3996 declarabit„

650 4012 790 4079 feliciter
810 4013 968 4080 liberavit
989 4036 1188 4102 oppressam,
1212 4019 1247 4080 et
1269 4018 1470 4102 prostratam
1492 4013 1661 4079 relevavit.
1710 4063 1719 4077 .

687 4305 788 4356 ¹These
806 4308 889 4357 letters
906 4324 949 4360 are
959 4309 987 4359 in
998 4310 1154 4373 wendover,
1234 4310 1427 4377 ‘causeam
1446 4310 1593 4369 acusatmie,
1605 4310 1662 4361 MS.

652 4386 686 4436 iv.
699 4393 739 4447 69,
751 4388 800 4437 and
811 4389 838 4437 iu
850 4387 921 4453 B.O.‚
932 4392 1006 4441 dated
1014 4391 1155 4452 '‘Viterbii,
1237 4389 1554 4458 ⁴mult1's...deaiderulum]
1563 4392 1702 4442 Onunera·

653 4467 742 4531 pontif.
754 4482 821 4518 auno
832 4468 898 4519 iv⁰.”
1203 4485 1267 4522 sure.

687 4549 760 4597 2οιιηι
773 4549 844 4599 iacui
854 4586 861 4601 .
873 4587 879 4601 .
892 4587 899 4601 .
910 4550 1047 4616 certiorem]
1068 4552 1109 4604 On
1122 4567 1154 4602 en
1236 4550 1396 4617 5Ιίἱοανιίιιε]
1403 4549 1497 4602 Added
1504 4552 1584 4602 above
1592 4551 1635 4601 the
1643 4550 1701 4600 line.

652 4641 758 4683 mure.
1237 4631 1419 4698 moymaro]
1437 4630 1700 4699 coagmentatis.
