4517 6425
642 1185 707 1251 266
768 1192 933 1250 usrrsnr
956 1194 1168 1251 numerarem
1190 1198 1355 1253 suroms
1376 1195 1577 1255 moronus.

473 1378 544 1435 Am.
559 1388 630 1438 1224.
639 1379 732 1440 tenet
753 1371 807 1439 te¹
832 1374 984 1439 minister
1007 1373 1154 1461 ejusdem
1179 1374 1285 1439 suncti
1307 1373 1426 1453 Pauli?
1440 1396 1509 1442 suae
1534 1376 1709 1445 custodiae.

640 1475 893 1563 mancipatum.''
938 1473 1002 1543 Cui
1018 1476 1195 1556 Falsasius,
1218 1482 1236 1513 ‘⁸
1247 1465 1407 1543 Sanctum
1423 1477 1572 1557 Paulum,
1596 1501 1709 1547 sanc.

639 1583 712 1645 tum
727 1579 904 1658 Albanum,
926 1584 1073 1645 sanctam
1098 1578 1341 1659 Etheldredam,
1364 1586 1399 1646 et
1421 1581 1543 1647 multos
1558 1587 1708 1651 sanctos.

639 1681 703 1748 Dei
735 1703 795 1769 pro
828 1703 938 1748 amore
967 1681 1054 1769 regis
1083 1682 1214 1749 offendi.
1272 1683 1318 1749 Et
1351 1682 1439 1749 maia
1470 1705 1543 1750 mea
1576 1686 1707 1752 nunc⁸.

638 1788 882 1872 exaggerantur
912 1804 1012 1871 super
1042 1790 1144 1872 caput
1175 1783 1314 1850 meum.'’
1369 1785 1415 1851 Et
1444 1806 1519 1852 oum
1549 1783 1705 1854 dixisset.

637 1890 716 1967 haec,
739 1886 939 1974 respiciens⁴
963 1888 1051 1954 vidit
1076 1888 1214 1953 fratrem
1238 1909 1335 1953 sunm
1358 1889 1594 1975 W[illelmum]
1617 1912 1712 1957 sus-.-

636 1989 800 2077 pensum,⁶
825 1994 860 2056 et
881 1988 1062 2077 cognatos⁰
1091 2011 1175 2068 suos,
1201 1992 1236 2056 et
1258 1991 1379 2057 amicos
1405 1998 1440 2058 et
1469 1993 1572 2059 socios
1601 2015 1705 2073 suos„

637 2114 718 2180 quos
739 2092 858 2158 habuit
880 2090 1086 2172 carissimos,⁷
1108 2090 1269 2181 patibulis
1291 2116 1350 2181 per
1365 2094 1523 2173 ordinem,
1537 2096 1705 2162 lacrime-.

636 2195 749 2261 biliter
771 2193 943 2282 ingemuit,
966 2201 1000 2261 et
1022 2194 1120 2275 dixit,
1154 2196 1210 2262 “0
1234 2216 1334 2282 quam
1356 2194 1447 2275 dure,
1482 2219 1579 2285 quam
1612 2198 1704 2265 dira.

635 2301 686 2364 est
708 2296 773 2363 Dei
799 2301 834 2362 et
855 2301 1044 2363 sanctorum
1076 2298 1148 2385 ejus
1171 2298 1331 2377 vindicta,
1356 2304 1391 2365 et
1412 2305 1539 2386 quanto
1560 2302 1704 2368 tardior.

636 2405 730 2467 tanto
752 2399 896 2466 severior
906 2399 936 2466 1⁸
961 2399 1039 2466 Heu
1054 2400 1157 2465 mihi!
1174 2401 1263 2487 quod
1279 2402 1463 2467 intantum
1479 2404 1704 2490 protrahitur.

635 2503 708 2568 vita
730 2522 813 2581 mea,
844 2508 883 2568 ut
904 2501 993 2567 hunc
1018 2500 1106 2568 diem
1128 2500 1295 2584 viderem3
1321 2504 1409 2589 quod
1430 2525 1489 2591 per
1513 2512 1703 2592 peccatum.

634 2603 769 2671 meum⁹
800 2608 853 2670 tot
875 2604 1004 2671 strenui
1033 2608 1151 2691 totque
1181 2606 1308 2671 nobiles
1337 2610 1408 2670 tam
1431 2606 1558 2694 abjecte
1580 2610 1703 2697 peris·-

633 2706 739 2775 rimt?
786 2707 837 2772 De
858 2706 920 2773 hoc
941 2705 1047 2794 igitur
1068 2729 1146 2773 casu
1169 2708 1304 2793 quidam
1326 2708 1373 2774 sic
1394 2709 1451 2787 ait,
1694 2738 1852 2803 escwine.

397 2946 403 2961 ι
475 2870 572 2923 Versu.
723 2851 906 2920 “Perdidit
928 2853 964 2920 in
987 2875 1107 2936 mense,
1136 2853 1235 2921 Falco
1257 2860 1329 2920 tam
1354 2855 1500 2924 fervidus
1522 2879 1607 2940 ense,
1738 2806 1826 2857 im&

768 2956 887 3024 Omine
901 2953 964 3022 sub
977 2954 1002 2993 ¹⁰
1024 2978 1122 3034 saevo,
1138 2955 1295 3043 quicquid
1318 2959 1473 3045 quaesivit
1494 2960 1537 3026 ab
1560 2959 1660 3028 aevo.”

466 3142 616 3209 'reem
679 3122 725 3187 Et
751 3118 929 3207 episcopus,
960 3117 1045 3183 sicut
1068 3123 1140 3183 erat
1163 3118 1261 3183 homo
1291 3118 1475 3187 misericors
1505 3128 1540 3187 et
1568 3128 1699 3197 tamen.

464 3210 594 3332 ἓξὲξ
627 3224 802 3314 jocundus,
824 3223 911 3289 sicut
933 3225 1047 3309 posiae
1069 3221 1165 3287 nobis
1187 3223 1346 3302 narravit,
1373 3224 1601 3313 redarguendo
1623 3229 1701 3306 eit„

465 3345 543 3411 reply.
630 3331 782 3416 repetens
804 3329 839 3392 et
860 3344 1028 3412 exponens
1049 3321 1132 3389 illud
1155 3322 1367 3404 Ouidianum,

719 3476 787 3542 “Si
809 3476 850 3540 de
873 3479 926 3540 tot
947 3473 1036 3541 laesis
1058 3495 1119 3539 sua
1141 3474 1280 3538 numina
1294 3474 1432 3562 quisque
1455 3477 1590 3543 deorum
1692 3542 1699 3556 ,

762 3576 926 3658 Vindicet,
949 3577 986 3642 in
1007 3576 1115 3663 poenis
1137 3598 1205 3642 non
1228 3575 1308 3642 satis
1331 3600 1418 3645 unus
1441 3577 1565 3646 eris”¹¹
1691 3645 1697 3658 ,

673 3740 737 3806 Pro
770 3740 834 3806 hoc
870 3735 1005 3803 nomine
1029 3737 1226 3803 “deorum”
1248 3738 1327 3824 poni
1357 3744 1478 3827 potest,
1518 3743 1696 3812 catholice.

628 3845 801 3931 loquendo,
818 3851 836 3879 “
847 3847 1034 3908 sanctorum
1048 3837 1077 3921 ;'’
1099 3845 1134 3906 et
1148 3840 1202 3918 sic,
1219 3839 1358 3906 dilatato
1373 3849 1513 3928 peccato,
1529 3845 1695 3914 vindicta.

628 3951 663 4013 et
694 3968 795 4033 poena
827 3943 1029 4032 dispergitur
1066 3943 1102 4008 in
1141 3949 1313 4009 consortes.
1376 3943 1459 4010 Haec
1484 3947 1695 4033 propensius,

628 4047 784 4115 duximus
806 4047 1038 4126 enarrandum,
1068 4067 1110 4111 ne
1134 4046 1208 4132 quis
1231 4047 1344 4112 credat
1366 4044 1507 4134 impune
1525 4070 1559 4114 se
1581 4070 1694 4136 posse.

627 4147 873 4239 quomodolibet
894 4149 1016 4216 similia
1037 4152 1231 4236 perpetrare.

660 4382 713 4448 ¹ts]
732 4379 878 4432 interlined
1206 4379 1351 4445 ‘coqueiosJ
1371 4386 1518 4446 congnatos
1529 4380 1588 4434 MS.

659 4462 761 4512 'sancti
772 4457 862 4525 Post]
873 4457 948 4509 Pauli
961 4456 1050 4517 sancti,
1063 4456 1127 4517 MS,
1205 4459 1377 4526 πωπω]
1397 4461 1524 4523 curiones,
1536 4462 1593 4517 MS.

626 4538 1032 4602 butrnsrkedtobetmosposed.
1205 4540 1675 4607 'mmr]1nthemsrginisadded:

658 4621 757 4687 ’uam
778 4621 870 4670 Added
881 4616 1009 4669 ontothe
1019 4622 1082 4667 text.
1172 4622 1187 4646 “
1202 4617 1377 4672 Testimonium
1403 4621 1552 4689 Gregorius.
1593 4623 1676 4673 Lento

660 4700 738 4760 ‘tce
761 4698 906 4766 respiciens]
937 4696 1026 4761 Partly
1038 4711 1072 4746 on
1094 4712 1126 4748 an
1172 4700 1252 4764 gradu
1263 4699 1349 4751 divina
1362 4703 1476 4766 procedit
1492 4703 1620 4763 severitas,
1632 4705 1676 4753 sed

625 4796 731 4834 emme,
1172 4779 1315 4830 tarditatem
1347 4779 1473 4846 gravitate
1505 4784 1674 4846 compensat.’'

657 4858 835 4927 ῡεκφεκειωι]
862 4857 893 4907 In
917 4856 960 4906 the
982 4854 1081 4921 margin
1104 4854 1126 4906 is
1172 4857 1235 4908 This
1246 4858 1268 4909 is
1279 4859 1388 4910 inserted
1398 4857 1426 4909 in
1437 4859 1481 4912 the
1493 4861 1585 4914 textos
1594 4861 1623 4913 n

626 4941 736 5000 written,
754 4938 781 4988 in
793 4953 809 4989 a
819 4937 888 4987 hand
899 4935 930 4986 ot
941 4935 984 4986 the
998 4935 1057 4985 leth
1068 4949 1126 4985 cen·
1203 4940 1213 4967 ⁹
1225 4938 1312 5004 meum]
1332 4938 1476 4992 Interlintd

624 5030 694 5086 turp,
705 5018 757 5070 this
768 5022 847 5067 note:
868 5018 982 5080 “corpus
992 5012 1125 5065 willielmi
1205 5014 1294 5083 1ἐιιὸ]
1312 5023 1373 5080 tam,
1386 5019 1416 5069 Ε.

620 5102 690 5166 jicet
707 5097 831 5163 sepultum
846 5095 923 5160 juxta
944 5107 1041 5159 aquam,
1060 5091 1126 5144 inter
1205 5094 1221 5126 ¹¹
1235 5093 1310 5147 Ovid.
1322 5093 1369 5161 Bp.
1381 5096 1407 5148 ii.
1420 5102 1459 5148 43.

623 5172 935 5232 uivensmetsssnun.'’
