4517 6425
882 1174 929 1221 na
950 1173 1109 1222 rrurona
1133 1174 1232 1222 arms
1255 1172 1409 1223 aronam.
1628 1156 1668 1225 71

599 1346 739 1412 stravit
753 1346 789 1410 in
803 1345 980 1412 cumulum.
1026 1347 1072 1412 Et
1094 1348 1233 1413 tertium
1249 1347 1453 1413 truculenter
1467 1366 1525 1432 per
1544 1344 1670 1432 galeam
1682 1354 1752 1410 Ar).
1768 1362 1837 1408 nos.

599 1454 788 1537 ‚arreptum
811 1450 894 1516 adeo
920 1450 1008 1517 laesit
1034 1451 1291 1537 contorquendo,
1318 1456 1358 1516 ut
1379 1446 1596 1515 seminecem¹
1621 1471 1672 1515 re·

599 1551 781 1639 linqueret
812 1559 846 1619 et
879 1554 1045 1620 inutilunr.
1091 1555 1145 1634 Et,
1176 1556 1241 1619 hiis
1274 1554 1378 1632 feretis,
1411 1553 1556 1640 respexit
1585 1551 1672 1617 inse-

600 1662 756 1741 .quentes
801 1657 955 1736 clamans,
1005 1666 1022 1693 ‘⁴
1036 1658 1185 1745 Regales‚
1224 1657 1359 1745 regales,
1398 1655 1672 1744 appropinquate,

599 1760 721 1838 terite,
764 1760 869 1839 ferite,
909 1761 1190 1849 triumphavimus
1205 1761 1243 1824 l''
1300 1762 1346 1825 Et
1383 1765 1563 1846 antequam
1601 1760 1671 1824 haee

600 1863 764 1942 dixisset,
782 1864 942 1951 dissipato
958 1865 1164 1931 Walensium
1187 1865 1328 1953 agmine,
1344 1864 1548 1929 subintravit
1570 1884 1672 1928 cornu

599 1966 761 2052 primum
783 1967 968 2056 Anglorum
1002 1968 1242 2049 invadentium,
1267 1974 1301 2033 et
1335 1967 1444 2034 hostes
1469 1991 1490 2032 a
1523 1964 1673 2032 dextris⁹

619 2077 653 2135 et
676 2093 696 2134 a
721 2071 864 2136 sinistris
896 2071 939 2136 ab
971 2072 1036 2136 illis
1068 2071 1258 2138 oeciderunt
1290 2070 1457 2137 trucidati.
1503 2070 1671 2147 Walenses
1683 2091 1772 2157 Eligat
1788 2093 1838 2142 and

618 2174 722 2260 igitur
743 2174 864 2260 Anglis
887 2175 1024 2239 minime
1039 2175 1189 2240 valentes
1215 2174 1366 2240 resistere
1389 2172 1588 2239 exeuntibus
1614 2160 1811 2277 ob-{ffiglff

601 2277 714 2342 ‘sessis
735 2283 851 2343 contra
873 2299 937 2356 eos,
964 2300 1056 2342 arma
1086 2299 1147 2342 sua
1175 2275 1377 2365 projiciunt,3
1398 2282 1432 2342 et
1455 2275 1580 2363 duplici
1594 2293 1780 2345 con-Welsh.

600 2380 755 2446 .tritione
787 2382 971 2468 compressi,
993 2381 1241 2468 insequentium
1271 2380 1395 2446 scilicet
1426 2384 1461 2445 et
1489 2379 1672 2455 obviorum,

599 2483 715 2549 ‚citius
730 2483 889 2570 fugiendo
911 2484 1057 2564 avolant,
1081 2506 1151 2551 seso
1174 2485 1211 2549 in
1234 2484 1322 2549 notis
1343 2482 1493 2549 latibulis
1515 2482 1672 2569 recipien-

601 2592 690 2669 .tes;
711 2609 794 2675 quos
808 2588 913 2675 Angli
934 2589 1152 2675 insequentes,
1168 2588 1291 2653 multos
1314 2609 1356 2651 ex
1370 2586 1436 2651 illis
1454 2585 1671 2651 trucidarunt.

620 2690 726 2756 Occisi
740 2695 852 2756 autem
875 2692 1064 2758 referuntur
1085 2713 1129 2757 ex
1144 2690 1355 2756 Walensibus
1376 2687 1493 2753 inille
1516 2688 1672 2755 conflictu

619 2793 684 2858 tria
705 2793 799 2859 milia
828 2795 1030 2882 septingenti
1061 2799 1274 2873 armatorum,
1299 2791 1446 2881 exceptis
1476 2791 1615 2857 retentis
1637 2797 1672 2856 et

618 2896 762 2964 letaliter
796 2898 988 2964 vulneratis.
1043 2897 1099 2979 Et,
1131 2899 1220 2984 quod
1256 2897 1490 2963 admirandum
1522 2894 1595 2976 fuit,
1630 2917 1673 2960 ex

619 3001 736 3089 Anglis
758 3023 846 3067 unus
868 3001 1082 3079 solummodo,
1107 3024 1129 3066 a
1161 3001 1305 3089 quodam
1336 3000 1423 3067 socio
1445 3022 1514 3080 suo,
1537 3020 1581 3064 ex
1602 2999 1673 3065 ictu

601 3104 753 3192 ‚sagittae
768 3105 940 3191 inopinato
963 3105 1158 3170 vulneratus
1180 3104 1318 3170 interiit.
1364 3104 1546 3171 Praedietus
1562 3108 1673 3169 autem

602 3205 788 3275 ‚Walterus
810 3208 957 3275 serviens
979 3208 1016 3273 in
1039 3231 1107 3275 uno
1129 3208 1252 3296 pedum
1272 3208 1410 3287 saucius,
1425 3208 1486 3274 vix
1508 3229 1567 3295 per
1588 3205 1673 3272 viiio.

604 3313 690 3377 dies
719 3313 790 3400 ipso
813 3313 1007 3379 vulnusculo
1038 3313 1246 3394 claudicavit,
1277 3313 1334 3379 sed
1365 3312 1408 3378 ab
1435 3312 1505 3398 ipso
1527 3317 1675 3397 temporo

602 3414 774 3480 omnibus
797 3416 914 3482 dicbus
928 3417 1009 3482 vitae
1027 3415 1212 3500 justiciario
1235 3416 1298 3503 ipsi
1321 3413 1503 3492 familiaris,
1517 3413 1554 3478 in
1573 3413 1674 3478 hono·

603 3519 781 3586 rabilibus
802 3519 964 3587 clientelis
986 3518 1129 3586 fideliter
1151 3519 1366 3586 ministravit

624 3839 777 3924 Qualiter
791 3863 849 3908 rer
864 3838 1049 3918 Ricardua,
1067 3839 1162 3926 sueto
1184 3859 1364 3926 corrpreseu
1379 3857 1459 3906 cum
1473 3859 1546 3926 repe
1561 3836 1674 3905 Fran

812 3966 939 4024 cocum,
963 3943 1088 4033 ceperit
1109 3941 1187 4012 eall.
1211 3942 1339 4012 milites
1362 3943 1480 4010 electos.

449 4108 614 4176 Rofflenu
670 4091 733 4159 Pcr
755 4094 844 4160 idem
875 4100 1007 4182 tempus
1036 4116 1097 4160 rex
1120 4095 1323 4161 Francorum
1356 4092 1528 4183 Philippus
1552 4097 1586 4158 ot
1615 4113 1674 4158 rex
1686 4102 1798 4155 Richard

476 4179 516 4229 iii.
531 4184 588 4230 ¹³⁰·
606 4196 608 4202 '
623 4197 807 4284 Anglorum
839 4197 1001 4263 Ricardus
1038 4201 1203 4286 congressi
1241 4205 1320 4264 sunt
1349 4197 1437 4263 inter
1468 4195 1610 4264 Games⁴
1641 4173 1842 4301 etffiefissnw

623 4300 819 4368 Vernonom.
855 4301 897 4366 In
913 4324 978 4389 quo
1002 4321 1178 4390 congressu
1200 4323 1260 4367 rex
1276 4301 1478 4368 Francorum
1501 4307 1536 4367 et
1551 4300 1603 4367 sui
1618 4323 1676 4388 per
1687 4306 1802 4358 Vemon.

622 4404 736 4492 fugam
750 4405 815 4470 sibi
830 4405 1036 4472 consulentes
1057 4407 1173 4493 rapido
1191 4428 1350 4492 equorum
1365 4427 1472 4485 cursu,
1487 4403 1676 4470 Vernonem

608 4529 683 4594 pro
698 4509 823 4596 refugio
846 4510 1024 4596 petierunt.
1069 4509 1136 4576 Sed
1158 4516 1339 4596 antequam
1362 4509 1532 4575 castellum
1547 4507 1677 4595 ingredi

623 4611 818 4697 potuissent,
850 4634 909 4678 rex
941 4612 1101 4678 Ricardus
1133 4635 1187 4679 eos
1221 4614 1337 4678 inore
1366 4612 1469 4700 gladii
1499 4612 1676 4687 insecutus,

899 4796 1040 4804 ————-——

661 4905 666 4934 ¹
680 4904 830 4970 seminecem]
844 4904 877 4953 In
888 4903 932 4954 the
943 4911 998 4956 text
1009 4904 1128 4966 reclinem,
1210 4906 1219 4935 ³
1226 4902 1375 4968 projiciunt]
1395 4901 1529 4968 proiciunt,
1541 4901 1598 4954 MS.

627 4985 672 5035 but
708 5001 759 5034 uon
787 4986 937 5050 expuncted,
966 4985 1016 5035 and
1051 5001 1128 5035 necem
1210 4984 1338 5049 *Games]
1353 4984 1388 5033 So
1399 4982 1452 5032 also
1463 4982 1505 5032 W.
1518 4982 1550 5033 B.
1561 4982 1590 5033 C.
1598 4983 1628 5034 li.
1636 4983 1676 5044 F,

628 5065 837 5131 addedinmarg.
1175 5065 1221 5114 but
1235 5063 1360 5128 Ganoepce,
1373 5062 1504 5125 Ilovcden‚
1512 5077 1535 5127 p.
1545 5064 1601 5113 781.
1630 5063 1678 5116 See

660 5148 699 5194 ²o
709 5144 815 5211 derat]
835 5145 876 5199 On
889 5161 920 5197 an
932 5158 1039 5198 euasura
1175 5143 1328 5208 previously,
1340 5157 1365 5207 p.
1378 5144 1418 5193 57.
