<?xml version="1.0" encoding="UTF-8"?>
<!DOCTYPE html PUBLIC "-//W3C//DTD XHTML 1.0 Transitional//EN"
    "http://www.w3.org/TR/xhtml1/DTD/xhtml1-transitional.dtd">
<html xmlns="http://www.w3.org/1999/xhtml" xml:lang="en" lang="en">
 <head>
  <title>
</title>
<meta http-equiv="Content-Type" content="text/html;charset=utf-8" />
  <meta name='ocr-system' content='tesseract 3.04.00' />
  <meta name='ocr-capabilities' content='ocr_page ocr_carea ocr_par ocr_line ocrx_word'/>
</head>
<body>
  <div class='ocr_page' id='page_1' title='image "./matthiparisiens00parigoog/matthiparisiens00parigoog_0104.png"; bbox 0 0 4517 6425; ppageno 0'>
   <div class='ocr_carea' id='block_1_1' title="bbox 704 1150 1645 1215">
    <p class='ocr_par' dir='ltr' id='par_1_1' title="bbox 704 1150 1645 1215">
     <span class='ocr_line' id='line_1_1' title="bbox 704 1150 1645 1215; baseline 0.001 -2"><span class='ocrx_word' id='word_1_1' title='bbox 704 1150 747 1214; x_wconf 76' lang='lat'>92</span> <span class='ocrx_word' id='word_1_2' title='bbox 831 1162 999 1212; x_wconf 73' lang='lat' dir='ltr'>narrum</span> <span class='ocrx_word' id='word_1_3' title='bbox 1021 1163 1236 1213; x_wconf 75' lang='lat' dir='ltr'>rrmsmrsrs</span> <span class='ocrx_word' id='word_1_4' title='bbox 1259 1162 1424 1213; x_wconf 81' lang='lat' dir='ltr'>maroam</span> <span class='ocrx_word' id='word_1_5' title='bbox 1445 1164 1645 1215; x_wconf 72' lang='lat' dir='ltr'>sacrorum</span> 
     </span>
    </p>
   </div>
   <div class='ocr_carea' id='block_1_2' title="bbox 703 1427 1756 1517">
    <p class='ocr_par' dir='ltr' id='par_1_2' title="bbox 703 1427 1756 1517">
     <span class='ocr_line' id='line_1_2' title="bbox 703 1427 1756 1517; baseline 0.005 -24"><span class='ocrx_word' id='word_1_6' title='bbox 703 1427 752 1495; x_wconf 83' lang='lat' dir='ltr'>Dc</span> <span class='ocrx_word' id='word_1_7' title='bbox 766 1427 942 1496; x_wconf 68' lang='lat' dir='ltr'>discordiis</span> <span class='ocrx_word' id='word_1_8' title='bbox 956 1435 1032 1496; x_wconf 76' lang='lat' dir='ltr'>orto</span> <span class='ocrx_word' id='word_1_9' title='bbox 1055 1428 1148 1495; x_wconf 66' lang='lat' dir='ltr'>mter</span> <span class='ocrx_word' id='word_1_10' title='bbox 1169 1450 1259 1515; x_wconf 71' lang='lat' dir='ltr'>repes</span> <span class='ocrx_word' id='word_1_11' title='bbox 1273 1430 1492 1498; x_wconf 74' lang='lat' dir='ltr'>Francorum</span> <span class='ocrx_word' id='word_1_12' title='bbox 1506 1437 1538 1498; x_wconf 86' lang='lat' dir='ltr'>et</span> <span class='ocrx_word' id='word_1_13' title='bbox 1550 1431 1756 1517; x_wconf 72' lang='lat' dir='ltr'>Asylorwm.</span> 
     </span>
    </p>
   </div>
   <div class='ocr_carea' id='block_1_3' title="bbox 531 1563 1928 1770">
    <p class='ocr_par' dir='ltr' id='par_1_3' title="bbox 531 1563 1928 1770">
     <span class='ocr_line' id='line_1_3' title="bbox 531 1563 1928 1668; baseline -0.009 -16"><span class='ocrx_word' id='word_1_14' title='bbox 531 1601 599 1653; x_wconf 70' lang='lat' dir='ltr'>Ab.</span> <span class='ocrx_word' id='word_1_15' title='bbox 619 1573 702 1652; x_wconf 58' lang='lat'>1202,</span> <span class='ocrx_word' id='word_1_16' title='bbox 747 1580 847 1644; x_wconf 88' lang='lat' dir='ltr'>Anno</span> <span class='ocrx_word' id='word_1_17' title='bbox 879 1577 995 1665; x_wconf 83' lang='lat' dir='ltr'>gratiae</span> <span class='ocrx_word' id='word_1_18' title='bbox 1033 1592 1203 1644; x_wconf 81' lang='lat' dir='ltr'>u0.cc⁰.110.</span> <span class='ocrx_word' id='word_1_19' title='bbox 1238 1601 1299 1645; x_wconf 86' lang='lat' dir='ltr'>rex</span> <span class='ocrx_word' id='word_1_20' title='bbox 1332 1563 1517 1667; x_wconf 83' lang='lat' dir='ltr'>Anglorum</span> <span class='ocrx_word' id='word_1_21' title='bbox 1548 1579 1573 1645; x_wconf 85' lang='lat' dir='ltr'><strong>J</strong></span> <span class='ocrx_word' id='word_1_22' title='bbox 1577 1579 1753 1668; x_wconf 90' lang='lat' dir='ltr'>[ohannes]</span> <span class='ocrx_word' id='word_1_23' title='bbox 1767 1594 1928 1660; x_wconf 60' lang='lat' dir='ltr'>Rogwene,</span> 
     </span>
     <span class='ocr_line' id='line_1_4' title="bbox 532 1662 1897 1770; baseline -0.01 -26"><span class='ocrx_word' id='word_1_24' title='bbox 532 1693 604 1744; x_wconf 73' lang='lat' dir='ltr'>,John</span> <span class='ocrx_word' id='word_1_25' title='bbox 612 1694 690 1757; x_wconf 77' lang='lat' dir='ltr'>keeps</span> <span class='ocrx_word' id='word_1_26' title='bbox 702 1681 882 1747; x_wconf 88' lang='lat' dir='ltr'>celebravit</span> <span class='ocrx_word' id='word_1_27' title='bbox 912 1681 1034 1746; x_wconf 89' lang='lat' dir='ltr'>Natale</span> <span class='ocrx_word' id='word_1_28' title='bbox 1057 1682 1194 1746; x_wconf 88' lang='lat' dir='ltr'>Domini</span> <span class='ocrx_word' id='word_1_29' title='bbox 1220 1682 1309 1769; x_wconf 86' lang='lat' dir='ltr'>apud</span> <span class='ocrx_word' id='word_1_30' title='bbox 1331 1684 1587 1770; x_wconf 87' lang='lat' dir='ltr'>Argentomium</span> <span class='ocrx_word' id='word_1_31' title='bbox 1608 1684 1644 1748; x_wconf 83' lang='lat' dir='ltr'>in</span> <span class='ocrx_word' id='word_1_32' title='bbox 1668 1683 1755 1749; x_wconf 72' lang='lat' dir='ltr'>Nor.</span> <span class='ocrx_word' id='word_1_33' title='bbox 1792 1662 1897 1714; x_wconf 61' lang='lat' dir='ltr'>iii-¹⁶⁷·</span> 
     </span>
    </p>
   </div>
   <div class='ocr_carea' id='block_1_4' title="bbox 532 1761 1756 1893">
    <p class='ocr_par' dir='ltr' id='par_1_4' title="bbox 532 1761 1756 1893">
     <span class='ocr_line' id='line_1_5' title="bbox 532 1761 1756 1893; baseline -0.001 -40"><span class='ocrx_word' id='word_1_34' title='bbox 532 1761 674 1893; x_wconf 49' lang='lat' dir='ltr'>,cfflffi</span> <span class='ocrx_word' id='word_1_35' title='bbox 701 1785 843 1849; x_wconf 90' lang='lat' dir='ltr'>mannia.</span> <span class='ocrx_word' id='word_1_36' title='bbox 889 1784 935 1850; x_wconf 84' lang='lat' dir='ltr'>Et</span> <span class='ocrx_word' id='word_1_37' title='bbox 960 1784 998 1849; x_wconf 91' lang='lat' dir='ltr'>in</span> <span class='ocrx_word' id='word_1_38' title='bbox 1025 1784 1305 1872; x_wconf 80' lang='lat' dir='ltr'>Quadragesima¹</span> <span class='ocrx_word' id='word_1_39' title='bbox 1330 1793 1489 1873; x_wconf 90' lang='lat' dir='ltr'>sequente</span> <span class='ocrx_word' id='word_1_40' title='bbox 1520 1786 1674 1852; x_wconf 89' lang='lat' dir='ltr'>habitum</span> <span class='ocrx_word' id='word_1_41' title='bbox 1705 1792 1756 1853; x_wconf 88' lang='lat' dir='ltr'>est</span> 
     </span>
    </p>
   </div>
   <div class='ocr_carea' id='block_1_5' title="bbox 531 1888 1756 2081">
    <p class='ocr_par' dir='ltr' id='par_1_5' title="bbox 531 1888 1756 2081">
     <span class='ocr_line' id='line_1_6' title="bbox 532 1888 1753 1975; baseline 0.002 -22"><span class='ocrx_word' id='word_1_42' title='bbox 532 1902 583 1944; x_wconf 76' lang='lat' dir='ltr'>un.</span> <span class='ocrx_word' id='word_1_43' title='bbox 701 1888 899 1974; x_wconf 86' lang='lat' dir='ltr'>colloquium</span> <span class='ocrx_word' id='word_1_44' title='bbox 921 1889 1010 1954; x_wconf 89' lang='lat' dir='ltr'>inter</span> <span class='ocrx_word' id='word_1_45' title='bbox 1039 1910 1132 1974; x_wconf 86' lang='lat' dir='ltr'>reges</span> <span class='ocrx_word' id='word_1_46' title='bbox 1163 1889 1356 1975; x_wconf 85' lang='lat' dir='ltr'>saepedictos</span> <span class='ocrx_word' id='word_1_47' title='bbox 1384 1890 1488 1975; x_wconf 86' lang='lat' dir='ltr'>juxta</span> <span class='ocrx_word' id='word_1_48' title='bbox 1517 1890 1690 1955; x_wconf 85' lang='lat' dir='ltr'>castellum</span> <span class='ocrx_word' id='word_1_49' title='bbox 1713 1890 1753 1956; x_wconf 90' lang='lat' dir='ltr'>de</span> 
     </span>
     <span class='ocr_line' id='line_1_7' title="bbox 531 1989 1756 2081; baseline 0.004 -28"><span class='ocrx_word' id='word_1_50' title='bbox 531 2002 650 2054; x_wconf 79' lang='lat' dir='ltr'>Another</span> <span class='ocrx_word' id='word_1_51' title='bbox 701 1990 868 2072; x_wconf 74' lang='lat' dir='ltr'>Guletnn,</span> <span class='ocrx_word' id='word_1_52' title='bbox 897 1991 957 2056; x_wconf 94' lang='lat' dir='ltr'>ubi</span> <span class='ocrx_word' id='word_1_53' title='bbox 979 2013 1039 2056; x_wconf 86' lang='lat' dir='ltr'>rex</span> <span class='ocrx_word' id='word_1_54' title='bbox 1071 1989 1275 2057; x_wconf 72' lang='lat' dir='ltr'>Francorum</span> <span class='ocrx_word' id='word_1_55' title='bbox 1298 1999 1414 2057; x_wconf 89' lang='lat' dir='ltr'>contra</span> <span class='ocrx_word' id='word_1_56' title='bbox 1436 2014 1546 2081; x_wconf 90' lang='lat' dir='ltr'>regem</span> <span class='ocrx_word' id='word_1_57' title='bbox 1573 1992 1756 2080; x_wconf 87' lang='lat' dir='ltr'>Anglorum</span> 
     </span>
    </p>
   </div>
   <div class='ocr_carea' id='block_1_6' title="bbox 530 2070 1756 2187">
    <p class='ocr_par' dir='ltr' id='par_1_6' title="bbox 530 2070 1756 2187">
     <span class='ocr_line' id='line_1_8' title="bbox 530 2070 1756 2187; baseline -0.002 -23"><span class='ocrx_word' id='word_1_58' title='bbox 530 2070 644 2187; x_wconf 54' lang='grc' dir='ltr'>ζξζῖξξ</span> <span class='ocrx_word' id='word_1_59' title='bbox 700 2094 833 2159; x_wconf 87' lang='lat' dir='ltr'>mortali</span> <span class='ocrx_word' id='word_1_60' title='bbox 865 2098 1013 2159; x_wconf 86' lang='lat' dir='ltr'>armatus</span> <span class='ocrx_word' id='word_1_61' title='bbox 1044 2094 1118 2160; x_wconf 92' lang='lat' dir='ltr'>odio</span> <span class='ocrx_word' id='word_1_62' title='bbox 1152 2096 1309 2182; x_wconf 77' lang='lat' dir='ltr'>praecepit</span> <span class='ocrx_word' id='word_1_63' title='bbox 1339 2096 1566 2182; x_wconf 76' lang='lat' dir='ltr'>indignanter,</span> <span class='ocrx_word' id='word_1_64' title='bbox 1597 2096 1756 2182; x_wconf 77' lang='lat' dir='ltr'>quatinus</span> 
     </span>
    </p>
   </div>
   <div class='ocr_carea' id='block_1_7' title="bbox 531 2196 1755 2277">
    <p class='ocr_par' dir='ltr' id='par_1_7' title="bbox 531 2196 1755 2277">
     <span class='ocr_line' id='line_1_9' title="bbox 531 2196 1755 2277; baseline -0.003 -9"><span class='ocrx_word' id='word_1_65' title='bbox 531 2203 618 2269; x_wconf 83' lang='lat' dir='ltr'>Philip</span> <span class='ocrx_word' id='word_1_66' title='bbox 629 2204 679 2253; x_wconf 75' lang='lat' dir='ltr'>ano</span> <span class='ocrx_word' id='word_1_67' title='bbox 700 2196 919 2262; x_wconf 75' lang='lat' dir='ltr'>incontinenti</span> <span class='ocrx_word' id='word_1_68' title='bbox 948 2196 1101 2262; x_wconf 89' lang='lat' dir='ltr'>redderet</span> <span class='ocrx_word' id='word_1_69' title='bbox 1130 2196 1289 2273; x_wconf 69' lang='lat' dir='ltr'>Arcturo,</span> <span class='ocrx_word' id='word_1_70' title='bbox 1320 2197 1433 2262; x_wconf 88' lang='lat' dir='ltr'>oomiti</span> <span class='ocrx_word' id='word_1_71' title='bbox 1465 2199 1656 2277; x_wconf 74' lang='lat' dir='ltr'>Britanniae,</span> <span class='ocrx_word' id='word_1_72' title='bbox 1680 2199 1755 2263; x_wconf 91' lang='lat' dir='ltr'>uni-</span> 
     </span>
    </p>
   </div>
   <div class='ocr_carea' id='block_1_8' title="bbox 530 2270 1753 2387">
    <p class='ocr_par' dir='ltr' id='par_1_8' title="bbox 530 2270 1753 2387">
     <span class='ocr_line' id='line_1_10' title="bbox 530 2270 1753 2387; baseline 0.001 -22"><span class='ocrx_word' id='word_1_73' title='bbox 530 2270 668 2387; x_wconf 52' lang='lat' dir='ltr'>fflffie</span> <span class='ocrx_word' id='word_1_74' title='bbox 701 2321 811 2365; x_wconf 87' lang='lat' dir='ltr'>versas</span> <span class='ocrx_word' id='word_1_75' title='bbox 844 2312 948 2365; x_wconf 84' lang='lat' dir='ltr'>terras</span> <span class='ocrx_word' id='word_1_76' title='bbox 979 2320 1062 2384; x_wconf 90' lang='lat' dir='ltr'>quas</span> <span class='ocrx_word' id='word_1_77' title='bbox 1093 2298 1230 2363; x_wconf 86' lang='lat' dir='ltr'>tenebat</span> <span class='ocrx_word' id='word_1_78' title='bbox 1261 2299 1298 2363; x_wconf 91' lang='lat' dir='ltr'>in</span> <span class='ocrx_word' id='word_1_79' title='bbox 1330 2300 1483 2385; x_wconf 87' lang='lat' dir='ltr'>partibus</span> <span class='ocrx_word' id='word_1_80' title='bbox 1514 2301 1753 2379; x_wconf 81' lang='lat' dir='ltr'>transmarinis,</span> 
     </span>
    </p>
   </div>
   <div class='ocr_carea' id='block_1_9' title="bbox 530 2400 1753 2893">
    <p class='ocr_par' dir='ltr' id='par_1_9' title="bbox 530 2400 1753 2893">
     <span class='ocr_line' id='line_1_11' title="bbox 531 2400 1753 2490; baseline 0.002 -24"><span class='ocrx_word' id='word_1_81' title='bbox 531 2402 939 2468; x_wconf 67' lang='lat' dir='ltr'>remaneofNormannam</span> <span class='ocrx_word' id='word_1_82' title='bbox 961 2400 1125 2479; x_wconf 89' lang='lat' dir='ltr'>videlicet,</span> <span class='ocrx_word' id='word_1_83' title='bbox 1141 2401 1346 2480; x_wconf 86' lang='lat' dir='ltr'>Turonicam,</span> <span class='ocrx_word' id='word_1_84' title='bbox 1370 2402 1602 2490; x_wconf 83' lang='lat' dir='ltr'>Andegaviam</span> <span class='ocrx_word' id='word_1_85' title='bbox 1623 2407 1658 2467; x_wconf 92' lang='lat' dir='ltr'>et</span> <span class='ocrx_word' id='word_1_86' title='bbox 1683 2402 1753 2469; x_wconf 75' lang='lat' dir='ltr'>Pie</span> 
     </span>
     <span class='ocr_line' id='line_1_12' title="bbox 530 2470 1752 2591; baseline 0.001 -22"><span class='ocrx_word' id='word_1_87' title='bbox 530 2470 685 2589; x_wconf 52' lang='lat' dir='ltr'>fflffi</span> <span class='ocrx_word' id='word_1_88' title='bbox 698 2504 832 2570; x_wconf 86' lang='lat' dir='ltr'>taviam.</span> <span class='ocrx_word' id='word_1_89' title='bbox 878 2503 1052 2589; x_wconf 87' lang='lat' dir='ltr'>Multaque</span> <span class='ocrx_word' id='word_1_90' title='bbox 1074 2504 1141 2568; x_wconf 87' lang='lat' dir='ltr'>alia</span> <span class='ocrx_word' id='word_1_91' title='bbox 1164 2503 1275 2590; x_wconf 85' lang='lat' dir='ltr'>exegit</span> <span class='ocrx_word' id='word_1_92' title='bbox 1296 2503 1340 2568; x_wconf 89' lang='lat' dir='ltr'>ab</span> <span class='ocrx_word' id='word_1_93' title='bbox 1366 2526 1413 2582; x_wconf 92' lang='lat' dir='ltr'>eo,</span> <span class='ocrx_word' id='word_1_94' title='bbox 1441 2526 1517 2591; x_wconf 83' lang='lat' dir='ltr'>quae</span> <span class='ocrx_word' id='word_1_95' title='bbox 1539 2526 1599 2570; x_wconf 83' lang='lat' dir='ltr'>rex</span> <span class='ocrx_word' id='word_1_96' title='bbox 1628 2505 1752 2591; x_wconf 84' lang='lat' dir='ltr'>Anglo·</span> 
     </span>
     <span class='ocr_line' id='line_1_13' title="bbox 697 2605 1752 2694; baseline 0 -21"><span class='ocrx_word' id='word_1_97' title='bbox 697 2630 772 2673; x_wconf 87' lang='lat' dir='ltr'>rum</span> <span class='ocrx_word' id='word_1_98' title='bbox 794 2629 828 2672; x_wconf 88' lang='lat' dir='ltr'>sc</span> <span class='ocrx_word' id='word_1_99' title='bbox 849 2607 986 2671; x_wconf 88' lang='lat' dir='ltr'>minime</span> <span class='ocrx_word' id='word_1_100' title='bbox 1001 2606 1167 2671; x_wconf 84' lang='lat' dir='ltr'>facturum</span> <span class='ocrx_word' id='word_1_101' title='bbox 1189 2605 1370 2694; x_wconf 85' lang='lat' dir='ltr'>respondit.</span> <span class='ocrx_word' id='word_1_102' title='bbox 1417 2606 1536 2693; x_wconf 84' lang='lat' dir='ltr'>Itaque</span> <span class='ocrx_word' id='word_1_103' title='bbox 1553 2607 1752 2693; x_wconf 90' lang='lat' dir='ltr'>colloquium</span> 
     </span>
     <span class='ocr_line' id='line_1_14' title="bbox 697 2708 1751 2794; baseline -0.002 -18"><span class='ocrx_word' id='word_1_104' title='bbox 697 2733 772 2776; x_wconf 91' lang='lat' dir='ltr'>cum</span> <span class='ocrx_word' id='word_1_105' title='bbox 792 2731 957 2776; x_wconf 87' lang='lat' dir='ltr'>successus</span> <span class='ocrx_word' id='word_1_106' title='bbox 978 2731 1047 2774; x_wconf 92' lang='lat' dir='ltr'>non</span> <span class='ocrx_word' id='word_1_107' title='bbox 1068 2708 1214 2788; x_wconf 91' lang='lat' dir='ltr'>haberet,</span> <span class='ocrx_word' id='word_1_108' title='bbox 1231 2709 1285 2774; x_wconf 92' lang='lat' dir='ltr'>die</span> <span class='ocrx_word' id='word_1_109' title='bbox 1300 2709 1453 2794; x_wconf 88' lang='lat' dir='ltr'>sequenti</span> <span class='ocrx_word' id='word_1_110' title='bbox 1473 2732 1535 2774; x_wconf 87' lang='lat' dir='ltr'>rex</span> <span class='ocrx_word' id='word_1_111' title='bbox 1550 2708 1751 2775; x_wconf 86' lang='lat' dir='ltr'>Francorum</span> 
     </span>
     <span class='ocr_line' id='line_1_15' title="bbox 531 2811 1752 2893; baseline -0.001 -16"><span class='ocrx_word' id='word_1_112' title='bbox 531 2827 618 2893; x_wconf 82' lang='lat' dir='ltr'>Philip</span> <span class='ocrx_word' id='word_1_113' title='bbox 697 2814 809 2880; x_wconf 87' lang='lat' dir='ltr'>subito</span> <span class='ocrx_word' id='word_1_114' title='bbox 823 2812 922 2878; x_wconf 88' lang='lat' dir='ltr'>irruit</span> <span class='ocrx_word' id='word_1_115' title='bbox 943 2812 980 2876; x_wconf 91' lang='lat' dir='ltr'>in</span> <span class='ocrx_word' id='word_1_116' title='bbox 1003 2812 1173 2877; x_wconf 87' lang='lat' dir='ltr'>castellum</span> <span class='ocrx_word' id='word_1_117' title='bbox 1197 2811 1238 2876; x_wconf 91' lang='lat' dir='ltr'>de</span> <span class='ocrx_word' id='word_1_118' title='bbox 1254 2812 1428 2876; x_wconf 85' lang='lat' dir='ltr'>Butavant</span> <span class='ocrx_word' id='word_1_119' title='bbox 1450 2812 1662 2889; x_wconf 88' lang='lat' dir='ltr'>truculenter,</span> <span class='ocrx_word' id='word_1_120' title='bbox 1678 2833 1752 2876; x_wconf 93' lang='lat' dir='ltr'>cum</span> 
     </span>
    </p>
   </div>
   <div class='ocr_carea' id='block_1_10' title="bbox 530 2894 1753 3012">
    <p class='ocr_par' dir='ltr' id='par_1_10' title="bbox 530 2894 1753 3012">
     <span class='ocr_line' id='line_1_16' title="bbox 530 2894 1753 3012; baseline -0.009 -24"><span class='ocrx_word' id='word_1_121' title='bbox 530 2894 657 3012; x_wconf 46' lang='lat'>2522?</span> <span class='ocrx_word' id='word_1_122' title='bbox 697 2919 824 3003; x_wconf 90' lang='lat' dir='ltr'>impetu</span> <span class='ocrx_word' id='word_1_123' title='bbox 847 2915 994 2994; x_wconf 88' lang='lat' dir='ltr'>militari,</span> <span class='ocrx_word' id='word_1_124' title='bbox 1011 2919 1045 2979; x_wconf 91' lang='lat' dir='ltr'>et</span> <span class='ocrx_word' id='word_1_125' title='bbox 1066 2915 1150 2979; x_wconf 83' lang='lat' dir='ltr'>illud</span> <span class='ocrx_word' id='word_1_126' title='bbox 1165 2914 1332 2979; x_wconf 89' lang='lat' dir='ltr'>solotenus</span> <span class='ocrx_word' id='word_1_127' title='bbox 1355 2913 1530 2979; x_wconf 85' lang='lat' dir='ltr'>subvertit.</span> <span class='ocrx_word' id='word_1_128' title='bbox 1578 2914 1664 2979; x_wconf 87' lang='lat' dir='ltr'>Inde</span> <span class='ocrx_word' id='word_1_129' title='bbox 1678 2937 1753 3001; x_wconf 92' lang='lat' dir='ltr'>pro·</span> 
     </span>
    </p>
   </div>
   <div class='ocr_carea' id='block_1_11' title="bbox 530 3015 1753 3204">
    <p class='ocr_par' dir='ltr' id='par_1_11' title="bbox 530 3015 1753 3204">
     <span class='ocr_line' id='line_1_17' title="bbox 530 3015 1753 3108; baseline 0.006 -31"><span class='ocrx_word' id='word_1_130' title='bbox 530 3028 660 3079; x_wconf 64' lang='lat' dir='ltr'>Butos-ant</span> <span class='ocrx_word' id='word_1_131' title='bbox 697 3020 856 3108; x_wconf 82' lang='lat' dir='ltr'>grediens,</span> <span class='ocrx_word' id='word_1_132' title='bbox 881 3018 969 3105; x_wconf 88' lang='lat' dir='ltr'>cepit</span> <span class='ocrx_word' id='word_1_133' title='bbox 992 3018 1030 3081; x_wconf 89' lang='lat' dir='ltr'>in</span> <span class='ocrx_word' id='word_1_134' title='bbox 1043 3039 1145 3081; x_wconf 89' lang='lat' dir='ltr'>manu</span> <span class='ocrx_word' id='word_1_135' title='bbox 1167 3016 1246 3080; x_wconf 89' lang='lat' dir='ltr'>forti</span> <span class='ocrx_word' id='word_1_136' title='bbox 1269 3015 1383 3080; x_wconf 87' lang='lat' dir='ltr'>villam</span> <span class='ocrx_word' id='word_1_137' title='bbox 1407 3016 1449 3081; x_wconf 87' lang='lat' dir='ltr'>ds</span> <span class='ocrx_word' id='word_1_138' title='bbox 1463 3017 1563 3103; x_wconf 80' lang='lat' dir='ltr'>Argi,</span> <span class='ocrx_word' id='word_1_139' title='bbox 1587 3039 1663 3082; x_wconf 91' lang='lat' dir='ltr'>cum</span> <span class='ocrx_word' id='word_1_140' title='bbox 1685 3039 1753 3084; x_wconf 83' lang='lat' dir='ltr'>cas·</span> 
     </span>
     <span class='ocr_line' id='line_1_18' title="bbox 532 3096 1751 3204; baseline -0.002 -17"><span class='ocrx_word' id='word_1_141' title='bbox 532 3096 776 3187; x_wconf 62' lang='lat' dir='ltr'>and‘&#39;⁰¹⁰¹⁸’tello</span> <span class='ocrx_word' id='word_1_142' title='bbox 792 3122 832 3187; x_wconf 92' lang='lat' dir='ltr'>de</span> <span class='ocrx_word' id='word_1_143' title='bbox 856 3120 968 3197; x_wconf 91' lang='lat' dir='ltr'>Liuns,</span> <span class='ocrx_word' id='word_1_144' title='bbox 991 3124 1025 3183; x_wconf 88' lang='lat' dir='ltr'>et</span> <span class='ocrx_word' id='word_1_145' title='bbox 1055 3118 1121 3183; x_wconf 86' lang='lat' dir='ltr'>alia</span> <span class='ocrx_word' id='word_1_146' title='bbox 1151 3117 1287 3183; x_wconf 87' lang='lat' dir='ltr'>castella</span> <span class='ocrx_word' id='word_1_147' title='bbox 1313 3118 1517 3204; x_wconf 84' lang='lat' dir='ltr'>quamplura.</span> <span class='ocrx_word' id='word_1_148' title='bbox 1567 3119 1751 3186; x_wconf 82' lang='lat' dir='ltr'>Castellum</span> 
     </span>
    </p>
   </div>
   <div class='ocr_carea' id='block_1_12' title="bbox 527 3221 1920 4737">
    <p class='ocr_par' dir='ltr' id='par_1_12' title="bbox 527 3221 1920 4737">
     <span class='ocr_line' id='line_1_19' title="bbox 698 3221 1750 3310; baseline -0.001 -19"><span class='ocrx_word' id='word_1_149' title='bbox 698 3248 776 3291; x_wconf 90' lang='lat' dir='ltr'>vero</span> <span class='ocrx_word' id='word_1_150' title='bbox 810 3226 851 3291; x_wconf 91' lang='lat' dir='ltr'>de</span> <span class='ocrx_word' id='word_1_151' title='bbox 882 3224 1060 3309; x_wconf 86' lang='lat' dir='ltr'>Radepunt</span> <span class='ocrx_word' id='word_1_152' title='bbox 1093 3244 1152 3308; x_wconf 91' lang='lat' dir='ltr'>per</span> <span class='ocrx_word' id='word_1_153' title='bbox 1183 3221 1253 3287; x_wconf 82' lang='lat' dir='ltr'>dies</span> <span class='ocrx_word' id='word_1_154' title='bbox 1285 3223 1369 3287; x_wconf 78' lang='lat' dir='ltr'>viiio.</span> <span class='ocrx_word' id='word_1_155' title='bbox 1403 3223 1540 3300; x_wconf 89' lang='lat' dir='ltr'>obsedit,</span> <span class='ocrx_word' id='word_1_156' title='bbox 1574 3224 1642 3304; x_wconf 88' lang='lat' dir='ltr'>sed,</span> <span class='ocrx_word' id='word_1_157' title='bbox 1673 3246 1750 3310; x_wconf 87' lang='lat' dir='ltr'>rege</span> 
     </span>
     <span class='ocr_line' id='line_1_20' title="bbox 698 3324 1750 3416; baseline -0.002 -22"><span class='ocrx_word' id='word_1_158' title='bbox 698 3329 883 3416; x_wconf 77' lang='lat' dir='ltr'>Anglorum</span> <span class='ocrx_word' id='word_1_159' title='bbox 914 3325 1176 3412; x_wconf 88' lang='lat' dir='ltr'>superveniente,</span> <span class='ocrx_word' id='word_1_160' title='bbox 1199 3325 1332 3389; x_wconf 87' lang='lat' dir='ltr'>recessit</span> <span class='ocrx_word' id='word_1_161' title='bbox 1364 3324 1526 3391; x_wconf 89' lang='lat' dir='ltr'>confusus.</span> <span class='ocrx_word' id='word_1_162' title='bbox 1572 3327 1653 3392; x_wconf 87' lang='lat' dir='ltr'>Post</span> <span class='ocrx_word' id='word_1_163' title='bbox 1680 3327 1750 3393; x_wconf 91' lang='lat' dir='ltr'>dies</span> 
     </span>
     <span class='ocr_line' id='line_1_21' title="bbox 698 3426 1748 3517; baseline -0.002 -20"><span class='ocrx_word' id='word_1_164' title='bbox 698 3438 810 3497; x_wconf 89' lang='lat' dir='ltr'>autem</span> <span class='ocrx_word' id='word_1_165' title='bbox 833 3450 960 3516; x_wconf 91' lang='lat' dir='ltr'>paucos,</span> <span class='ocrx_word' id='word_1_166' title='bbox 976 3429 1018 3492; x_wconf 86' lang='lat' dir='ltr'>ad</span> <span class='ocrx_word' id='word_1_167' title='bbox 1042 3426 1180 3511; x_wconf 89' lang='lat' dir='ltr'>Gurnay</span> <span class='ocrx_word' id='word_1_168' title='bbox 1203 3427 1376 3504; x_wconf 87' lang='lat' dir='ltr'>convertit,</span> <span class='ocrx_word' id='word_1_169' title='bbox 1393 3433 1428 3492; x_wconf 89' lang='lat' dir='ltr'>et</span> <span class='ocrx_word' id='word_1_170' title='bbox 1442 3429 1606 3495; x_wconf 87' lang='lat' dir='ltr'>confracto</span> <span class='ocrx_word' id='word_1_171' title='bbox 1629 3435 1748 3517; x_wconf 87' lang='lat' dir='ltr'>stagno</span> 
     </span>
     <span class='ocr_line' id='line_1_22' title="bbox 697 3530 1920 3621; baseline -0.004 -22"><span class='ocrx_word' id='word_1_172' title='bbox 697 3557 755 3621; x_wconf 89' lang='lat' dir='ltr'>per</span> <span class='ocrx_word' id='word_1_173' title='bbox 769 3535 931 3619; x_wconf 91' lang='lat' dir='ltr'>impetum</span> <span class='ocrx_word' id='word_1_174' title='bbox 953 3552 1122 3616; x_wconf 88' lang='lat' dir='ltr'>aquarum,</span> <span class='ocrx_word' id='word_1_175' title='bbox 1138 3530 1317 3593; x_wconf 85' lang='lat' dir='ltr'>maximam</span> <span class='ocrx_word' id='word_1_176' title='bbox 1337 3552 1506 3595; x_wconf 90' lang='lat' dir='ltr'>murorum</span> <span class='ocrx_word' id='word_1_177' title='bbox 1529 3536 1665 3618; x_wconf 88' lang='lat' dir='ltr'>partem,</span> <span class='ocrx_word' id='word_1_178' title='bbox 1683 3540 1920 3619; x_wconf 66' lang='lat' dir='ltr'>quallogwend.</span> 
     </span>
     <span class='ocr_line' id='line_1_23' title="bbox 697 3614 1892 3722; baseline -0.003 -20"><span class='ocrx_word' id='word_1_179' title='bbox 697 3637 778 3702; x_wconf 88' lang='lat' dir='ltr'>villa</span> <span class='ocrx_word' id='word_1_180' title='bbox 792 3635 995 3722; x_wconf 85' lang='lat' dir='ltr'>cingebatur,</span> <span class='ocrx_word' id='word_1_181' title='bbox 1011 3631 1193 3719; x_wconf 89' lang='lat' dir='ltr'>prostravit</span> <span class='ocrx_word' id='word_1_182' title='bbox 1208 3655 1215 3710; x_wconf 93' lang='grc'><strong>;</strong></span> <span class='ocrx_word' id='word_1_183' title='bbox 1240 3631 1329 3697; x_wconf 88' lang='lat' dir='ltr'>unde</span> <span class='ocrx_word' id='word_1_184' title='bbox 1351 3632 1555 3719; x_wconf 85' lang='lat' dir='ltr'>fugientibus</span> <span class='ocrx_word' id='word_1_185' title='bbox 1570 3634 1697 3698; x_wconf 83' lang='lat' dir='ltr'>ermetis</span> <span class='ocrx_word' id='word_1_186' title='bbox 1712 3635 1749 3698; x_wconf 91' lang='lat' dir='ltr'>in</span> <span class='ocrx_word' id='word_1_187' title='bbox 1789 3623 1826 3658; x_wconf 79' lang='lat'><strong>¹¹¹·</strong></span> <span class='ocrx_word' id='word_1_188' title='bbox 1837 3614 1892 3662; x_wconf 74' lang='lat'><strong>¹⁶⁸·</strong></span> 
     </span>
     <span class='ocr_line' id='line_1_24' title="bbox 696 3733 1750 3824; baseline -0.003 -20"><span class='ocrx_word' id='word_1_189' title='bbox 696 3739 786 3804; x_wconf 79' lang='lat' dir='ltr'>villae</span> <span class='ocrx_word' id='word_1_190' title='bbox 820 3736 974 3824; x_wconf 85' lang='lat' dir='ltr'>praesidio</span> <span class='ocrx_word' id='word_1_191' title='bbox 1010 3733 1239 3811; x_wconf 85' lang='lat' dir='ltr'>existentibus,</span> <span class='ocrx_word' id='word_1_192' title='bbox 1271 3733 1342 3798; x_wconf 91' lang='lat' dir='ltr'>sine</span> <span class='ocrx_word' id='word_1_193' title='bbox 1372 3735 1462 3798; x_wconf 91' lang='lat' dir='ltr'>omni</span> <span class='ocrx_word' id='word_1_194' title='bbox 1493 3736 1750 3801; x_wconf 85' lang='lat' dir='ltr'>contradictione</span> 
     </span>
     <span class='ocr_line' id='line_1_25' title="bbox 695 3832 1748 3923; baseline -0.003 -17"><span class='ocrx_word' id='word_1_195' title='bbox 695 3864 756 3906; x_wconf 83' lang='lat' dir='ltr'>rex</span> <span class='ocrx_word' id='word_1_196' title='bbox 779 3840 981 3904; x_wconf 85' lang='lat' dir='ltr'>Francorum</span> <span class='ocrx_word' id='word_1_197' title='bbox 995 3837 1110 3900; x_wconf 85' lang='lat' dir='ltr'>villam</span> <span class='ocrx_word' id='word_1_198' title='bbox 1133 3835 1283 3912; x_wconf 88' lang='lat' dir='ltr'>intravit,</span> <span class='ocrx_word' id='word_1_199' title='bbox 1306 3839 1340 3899; x_wconf 90' lang='lat' dir='ltr'>et</span> <span class='ocrx_word' id='word_1_200' title='bbox 1362 3856 1435 3900; x_wconf 92' lang='lat' dir='ltr'>eam</span> <span class='ocrx_word' id='word_1_201' title='bbox 1458 3836 1521 3900; x_wconf 92' lang='lat' dir='ltr'>sibi</span> <span class='ocrx_word' id='word_1_202' title='bbox 1545 3832 1748 3923; x_wconf 87' lang='lat' dir='ltr'>subjugavit.</span> 
     </span>
     <span class='ocr_line' id='line_1_26' title="bbox 530 3937 1748 4028; baseline -0.002 -20"><span class='ocrx_word' id='word_1_203' title='bbox 530 3951 678 4016; x_wconf 73' lang='lat' dir='ltr'>Heassigns</span> <span class='ocrx_word' id='word_1_204' title='bbox 697 3945 928 4028; x_wconf 86' lang='lat' dir='ltr'>Reversusque</span> <span class='ocrx_word' id='word_1_205' title='bbox 951 3940 1105 4016; x_wconf 80' lang='lat' dir='ltr'>Parisios,</span> <span class='ocrx_word' id='word_1_206' title='bbox 1130 3937 1318 4002; x_wconf 87' lang='lat' dir='ltr'>Arthurum</span> <span class='ocrx_word' id='word_1_207' title='bbox 1341 3939 1403 4002; x_wconf 85' lang='lat' dir='ltr'>sub</span> <span class='ocrx_word' id='word_1_208' title='bbox 1419 3939 1588 4004; x_wconf 89' lang='lat' dir='ltr'>tutoribus</span> <span class='ocrx_word' id='word_1_209' title='bbox 1610 3941 1748 4026; x_wconf 88' lang='lat' dir='ltr'>‹leputa-</span> 
     </span>
     <span class='ocr_line' id='line_1_27' title="bbox 529 4020 1749 4135; baseline -0.002 -25"><span class='ocrx_word' id='word_1_210' title='bbox 529 4020 616 4135; x_wconf 52' lang='lat' dir='ltr'>ssfffi,</span> <span class='ocrx_word' id='word_1_211' title='bbox 624 4026 758 4135; x_wconf 57' lang='lat' dir='ltr'>{ss&#39;iffivit</span> <span class='ocrx_word' id='word_1_212' title='bbox 788 4045 922 4109; x_wconf 87' lang='lat' dir='ltr'>tradens</span> <span class='ocrx_word' id='word_1_213' title='bbox 953 4043 983 4108; x_wconf 90' lang='lat' dir='ltr'>ei</span> <span class='ocrx_word' id='word_1_214' title='bbox 1013 4042 1136 4106; x_wconf 88' lang='lat' dir='ltr'>milites</span> <span class='ocrx_word' id='word_1_215' title='bbox 1167 4041 1325 4106; x_wconf 89' lang='lat' dir='ltr'>ducentos</span> <span class='ocrx_word' id='word_1_216' title='bbox 1348 4041 1388 4106; x_wconf 90' lang='lat' dir='ltr'>de</span> <span class='ocrx_word' id='word_1_217' title='bbox 1410 4063 1512 4127; x_wconf 88' lang='lat' dir='ltr'>regno</span> <span class='ocrx_word' id='word_1_218' title='bbox 1536 4037 1749 4122; x_wconf 84' lang='lat' dir='ltr'>Francorum,</span> 
     </span>
     <span class='ocr_line' id='line_1_28' title="bbox 529 4141 1748 4235; baseline -0.002 -22"><span class='ocrx_word' id='word_1_219' title='bbox 529 4152 629 4229; x_wconf 65' lang='lat' dir='ltr'>nahar</span> <span class='ocrx_word' id='word_1_220' title='bbox 698 4149 755 4235; x_wconf 93' lang='lat' dir='ltr'>qui</span> <span class='ocrx_word' id='word_1_221' title='bbox 786 4169 860 4212; x_wconf 88' lang='lat' dir='ltr'>curn</span> <span class='ocrx_word' id='word_1_222' title='bbox 883 4146 940 4209; x_wconf 73' lang='lat' dir='ltr'>illo</span> <span class='ocrx_word' id='word_1_223' title='bbox 963 4145 1052 4209; x_wconf 89' lang='lat' dir='ltr'>irent</span> <span class='ocrx_word' id='word_1_224' title='bbox 1078 4143 1244 4207; x_wconf 89' lang='lat' dir='ltr'>hostiliter</span> <span class='ocrx_word' id='word_1_225' title='bbox 1273 4143 1309 4207; x_wconf 90' lang='lat' dir='ltr'>in</span> <span class='ocrx_word' id='word_1_226' title='bbox 1332 4141 1525 4224; x_wconf 87' lang='lat' dir='ltr'>Pictaviam,</span> <span class='ocrx_word' id='word_1_227' title='bbox 1555 4151 1594 4210; x_wconf 91' lang='lat' dir='ltr'>ut</span> <span class='ocrx_word' id='word_1_228' title='bbox 1624 4145 1748 4212; x_wconf 85' lang='lat' dir='ltr'>bellicis</span> 
     </span>
     <span class='ocr_line' id='line_1_29' title="bbox 527 4227 1747 4336; baseline 0.002 -26"><span class='ocrx_word' id='word_1_229' title='bbox 527 4227 629 4336; x_wconf 47' lang='lat' dir='ltr'>{lffiom</span> <span class='ocrx_word' id='word_1_230' title='bbox 697 4247 938 4315; x_wconf 89' lang='lat' dir='ltr'>incursionibus</span> <span class='ocrx_word' id='word_1_231' title='bbox 964 4245 1114 4333; x_wconf 84' lang='lat' dir='ltr'>regiones</span> <span class='ocrx_word' id='word_1_232' title='bbox 1144 4244 1219 4309; x_wconf 83' lang='lat' dir='ltr'>illas</span> <span class='ocrx_word' id='word_1_233' title='bbox 1242 4244 1390 4310; x_wconf 86' lang='lat' dir='ltr'>Arthuro</span> <span class='ocrx_word' id='word_1_234' title='bbox 1413 4250 1568 4331; x_wconf 88' lang='lat' dir='ltr'>potenter</span> <span class='ocrx_word' id='word_1_235' title='bbox 1593 4247 1747 4336; x_wconf 86' lang='lat' dir='ltr'>subjuga-</span> 
     </span>
     <span class='ocr_line' id='line_1_30' title="bbox 696 4346 1748 4437; baseline -0.003 -19"><span class='ocrx_word' id='word_1_236' title='bbox 696 4358 778 4418; x_wconf 89' lang='lat' dir='ltr'>rent.</span> <span class='ocrx_word' id='word_1_237' title='bbox 825 4350 896 4415; x_wconf 90' lang='lat' dir='ltr'>Illis</span> <span class='ocrx_word' id='word_1_238' title='bbox 928 4355 1040 4415; x_wconf 88' lang='lat' dir='ltr'>autem</span> <span class='ocrx_word' id='word_1_239' title='bbox 1072 4346 1254 4435; x_wconf 74' lang='lat' dir='ltr'>pomposo²</span> <span class='ocrx_word' id='word_1_240' title='bbox 1283 4347 1432 4413; x_wconf 91' lang='lat' dir='ltr'>tumultu</span> <span class='ocrx_word' id='word_1_241' title='bbox 1455 4351 1748 4437; x_wconf 89' lang='lat' dir='ltr'>progredientibus,</span> 
     </span>
     <span class='ocr_line' id='line_1_31' title="bbox 697 4439 1762 4540; baseline -0.001 -21"><span class='ocrx_word' id='word_1_242' title='bbox 697 4455 892 4521; x_wconf 88' lang='lat' dir='ltr'>nunciatum</span> <span class='ocrx_word' id='word_1_243' title='bbox 916 4458 966 4518; x_wconf 86' lang='lat' dir='ltr'>est</span> <span class='ocrx_word' id='word_1_244' title='bbox 988 4452 1044 4527; x_wconf 81' lang='lat' dir='ltr'>eia,</span> <span class='ocrx_word' id='word_1_245' title='bbox 1059 4451 1206 4537; x_wconf 88' lang='lat' dir='ltr'>reginam</span> <span class='ocrx_word' id='word_1_246' title='bbox 1229 4450 1421 4515; x_wconf 89' lang='lat' dir='ltr'>Alienoram</span> <span class='ocrx_word' id='word_1_247' title='bbox 1437 4451 1473 4516; x_wconf 93' lang='lat' dir='ltr'>in</span> <span class='ocrx_word' id='word_1_248' title='bbox 1493 4453 1636 4532; x_wconf 82' lang='lat' dir='ltr'>castello,</span> <span class='ocrx_word' id='word_1_249' title='bbox 1659 4439 1762 4540; x_wconf 44' lang='lat' dir='ltr'>quod·</span> 
     </span>
     <span class='ocr_line' id='line_1_32' title="bbox 697 4540 1762 4641; baseline -0.003 -19"><span class='ocrx_word' id='word_1_250' title='bbox 697 4556 907 4622; x_wconf 89' lang='lat' dir='ltr'>Mirabellum</span> <span class='ocrx_word' id='word_1_251' title='bbox 938 4554 1068 4634; x_wconf 86' lang='lat' dir='ltr'>dicitur,</span> <span class='ocrx_word' id='word_1_252' title='bbox 1091 4573 1269 4639; x_wconf 87' lang='lat' dir='ltr'>paucorum</span> <span class='ocrx_word' id='word_1_253' title='bbox 1299 4553 1457 4639; x_wconf 89' lang='lat' dir='ltr'>stipatam</span> <span class='ocrx_word' id='word_1_254' title='bbox 1485 4556 1638 4641; x_wconf 84' lang='lat' dir='ltr'>praesidio</span> <span class='ocrx_word' id='word_1_255' title='bbox 1662 4540 1762 4621; x_wconf 49' lang='lat' dir='ltr'>coms</span> 
     </span>
     <span class='ocr_line' id='line_1_33' title="bbox 696 4643 1761 4737; baseline -0.004 -11"><span class='ocrx_word' id='word_1_256' title='bbox 696 4659 824 4728; x_wconf 87' lang='lat' dir='ltr'>morari.</span> <span class='ocrx_word' id='word_1_257' title='bbox 872 4657 938 4737; x_wconf 81' lang='lat' dir='ltr'>Qui</span> <span class='ocrx_word' id='word_1_258' title='bbox 952 4655 1118 4721; x_wconf 90' lang='lat' dir='ltr'>communi</span> <span class='ocrx_word' id='word_1_259' title='bbox 1133 4655 1281 4719; x_wconf 90' lang='lat' dir='ltr'>omnium</span> <span class='ocrx_word' id='word_1_260' title='bbox 1300 4654 1545 4733; x_wconf 88' lang='lat' dir='ltr'>deliberatione,</span> <span class='ocrx_word' id='word_1_261' title='bbox 1560 4659 1611 4724; x_wconf 90' lang='lat' dir='ltr'>sui</span> <span class='ocrx_word' id='word_1_262' title='bbox 1626 4643 1761 4723; x_wconf 68' lang='lat' dir='ltr'>furoris&#39;</span> 
     </span>
    </p>
   </div>
   <div class='ocr_carea' id='block_1_13' title="bbox 696 4760 1220 4851">
    <p class='ocr_par' dir='ltr' id='par_1_13' title="bbox 696 4760 1220 4851">
     <span class='ocr_line' id='line_1_34' title="bbox 696 4760 1220 4851; baseline -0.015 -22"><span class='ocrx_word' id='word_1_263' title='bbox 696 4765 857 4851; x_wconf 91' lang='lat' dir='ltr'>impetum</span> <span class='ocrx_word' id='word_1_264' title='bbox 879 4760 956 4825; x_wconf 93' lang='lat' dir='ltr'>illuc</span> <span class='ocrx_word' id='word_1_265' title='bbox 979 4761 1220 4823; x_wconf 85' lang='lat' dir='ltr'>converterunt.</span> 
     </span>
    </p>
   </div>
   <div class='ocr_carea' id='block_1_14' title="bbox 729 5032 1709 5106">
    <p class='ocr_par' dir='ltr' id='par_1_14' title="bbox 729 5032 1709 5106">
     <span class='ocr_line' id='line_1_35' title="bbox 729 5032 1709 5106; baseline 0 -23"><span class='ocrx_word' id='word_1_266' title='bbox 729 5045 736 5074; x_wconf 75' lang='grc' dir='ltr'>ι</span> <span class='ocrx_word' id='word_1_267' title='bbox 752 5036 960 5106; x_wconf 70' lang='lat' dir='ltr'>Quadrupeeirno]</span> <span class='ocrx_word' id='word_1_268' title='bbox 971 5032 1279 5095; x_wconf 77' lang='lat' dir='ltr'>11¹.,MS.aselsewherc.</span> <span class='ocrx_word' id='word_1_269' title='bbox 1317 5037 1321 5097; x_wconf 88' lang='grc' dir='ltr'>Ι</span> <span class='ocrx_word' id='word_1_270' title='bbox 1358 5034 1368 5063; x_wconf 82' lang='lat'>²</span> <span class='ocrx_word' id='word_1_271' title='bbox 1377 5032 1502 5098; x_wconf 82' lang='lat' dir='ltr'>pomposo]</span> <span class='ocrx_word' id='word_1_272' title='bbox 1522 5047 1641 5097; x_wconf 87' lang='lat' dir='ltr'>ponposo,</span> <span class='ocrx_word' id='word_1_273' title='bbox 1653 5032 1709 5085; x_wconf 88' lang='lat' dir='ltr'>MS.</span> 
     </span>
    </p>
   </div>
   <div class='ocr_carea' id='block_1_15' title="bbox 0 0 2264 6424">
    <p class='ocr_par' dir='ltr' id='par_1_15' title="bbox 0 0 2264 6424">
     <span class='ocr_line' id='line_1_36' title="bbox 0 0 2264 6424; baseline 0 0"><span class='ocrx_word' id='word_1_274' title='bbox 0 0 2264 6424; x_wconf 95' lang='lat' dir='ltr'> </span> 
     </span>
    </p>
   </div>
  </div>
 </body>
</html>
