4517 6425
765 1184 830 1253 396
890 1194 1058 1248 serrum
1080 1195 1293 1247 rmusrnusrs
1316 1191 1482 1246 rusrorus
1503 1191 1705 1244 lucrosum

594 1390 662 1444 Al).
677 1392 749 1441 rest.
763 1373 899 1438 miserat
920 1370 1150 1458 gubernacula,
1175 1371 1377 1457 comperiens
1392 1374 1587 1457 magnatum
1609 1367 1742 1455 Angliro
1763 1367 1816 1433 in·

764 1476 992 1564 dignationem
1024 1475 1143 1540 merito
1175 1474 1264 1539 esss¹
1289 1479 1490 1560 conceptam,
1522 1494 1637 1538 versus
1670 1472 1816 1560 petriam

761 1602 856 1646 suam
879 1581 943 1645 iter
964 1576 1148 1643 maturavit
1160 1603 1169 1659 ;
1192 1577 1339 1644 recolens
1361 1577 1451 1643 illius
1473 1581 1580 1664 poetro
1609 1574 1816 1663 proverbiale

761 1682 943 1759 consilium,

818 1819 943 1884 “Dum
964 1817 1055 1885 furor
1076 1816 1113 1881 in
1136 1837 1234 1882 eursu
1256 1820 1315 1897 est,
1339 1817 1487 1883 currenti
1509 1816 1589 1882 cede
1611 1813 1769 1882 furori.''²

871 2142 1113 2231 Migreueruat
1135 2164 1159 2210 o
1180 2142 1289 2209 seculo
1311 2142 1418 2210 multi
1439 2140 1511 2209 ciri
1528 2140 1701 2229 preclari.

805 2306 964 2393 Tempore
995 2327 1125 2393 quoque
1159 2306 1221 2371 sub
1257 2306 1371 2372 eodem
1406 2306 1636 2394 migraverunt
1672 2306 1715 2371 ab
1752 2306 1815 2371 hoc

761 2410 869 2475 seculo
891 2408 1089 2474 immortalis
1112 2409 1280 2475 memoriae
1302 2408 1440 2475 inclitus
1462 2431 1523 2475 rex
1538 2409 1734 2488 Jerusalem,
1756 2408 1816 2475 Jo-

761 2513 887 2578 hannes
902 2511 943 2577 de
966 2512 1097 2589 Bresne,
1114 2512 1187 2597 jam
1212 2532 1310 2599 poens
1333 2517 1452 2578 nactus
1474 2512 1606 2578 culmen
1623 2511 1814 2578 Graecorum

760 2613 954 2702 imperiale,³
977 2618 1012 2679 et
1045 2612 1147 2678 frater
1168 2613 1192 2679 J
1194 2614 1346 2690 ordanus,
1377 2615 1468 2700 prior
1491 2613 1626 2679 Ordinis
1651 2614 1813 2680 Praedica-

760 2722 880 2793 torum,
913 2716 966 2780 vir
1000 2715 1081 2781 vitae
1112 2716 1337 2795 sanctissimae,
1363 2716 1399 2781 in
1421 2716 1506 2781 mari
1528 2717 1720 2782 submersus
1766 2716 1813 2782 Et

607 2775 731 2984 Ι
761 2818 845 2884 circa
878 2818 937 2882 illa
967 2822 1118 2903 tempora
1151 2819 1365 2884 canonizatus
1395 2823 1445 2884 est
1467 2819 1585 2884 beatus
1608 2818 1811 2899 Dominicus,

760 2922 886 3008 primus
907 2921 1064 2986 inventor
1085 2925 1120 2986 et
1143 2921 1344 2988 constitutor
1368 2921 1504 2988 Ordinis
1527 2922 1796 2990 Praedicatorum.

518 3015 700 3067 canonization
711 3012 742 3062 of

517 3086 554 3135 St
566 3082 693 3136 Dominio.

819 3284 870 3350 Dc
892 3289 998 3350 morte
1019 3280 1199 3368 R[c'ccrdc’]
1222 3279 1288 3359 IL,
1313 3279 1463 3367 episcopi
1484 3279 1752 3348 Demaeneto!

592 3461 719 3514 namot
812 3446 917 3523 Circa¹
938 3445 1027 3511 idem
1057 3465 1187 3530 quoque
1218 3449 1355 3529 tempus,
1380 3443 1505 3507 scilicet
1534 3443 1631 3508 xviio.
1653 3445 1815 3512 kalendas

593 3531 712 3660 {³1:⁰¹2}ss
709 3612 750 3646 ur-
767 3550 858 3629 Maii,
881 3548 966 3615 obiit
988 3548 1053 3635 piae
1068 3545 1235 3612 memoriae
1250 3545 1411 3611 Ricardus
1434 3545 1480 3610 ΙΙ.
1497 3546 1666 3634 episcopus
1689 3548 1814 3615 Dunel-

593 3665 661 3715 hm
766 3653 897 3732 mensis,
919 3655 1094 3738 postquam
1120 3648 1189 3714 tria
1217 3648 1491 3714 commendabilia
1520 3659 1813 3719 consummaverat.

596 3759 626 3805 1⁵
638 3753 720 3821 April
765 3755 942 3823 Ecclesiam
957 3752 1224 3831 Dunelmensem,
1238 3750 1474 3839 prodigalitate
1497 3751 1740 3839 predecessoris
1759 3756 1813 3821 sui

797 4038 886 4104 ¹esse]
899 4035 1046 4096 Interlined,
1057 4033 1265 4086 sndalscadded
1308 4032 1362 4092 tori,
1390 4047 1443 4096 quor
1466 4033 1565 4098 peperit
1590 4033 1614 4081 ei
1647 4033 1811 4087 Conradam.”

717 4139 723 4151 ·
762 4118 790 4168 in
800 4133 879 4182 marg.
1309 4110 1398 4161 Under
1415 4110 1466 4159 this
1485 4109 1508 4159 is
1519 4111 1600 4161 added
1617 4111 1660 4162 the
1679 4113 1812 4182 following

795 4199 806 4228 ²
823 4195 896 4247 Ovid
908 4195 980 4245 Rem.
992 4193 1081 4244 Amor.
1094 4194 1112 4244 1.
1125 4197 1180 4244 119.
1308 4197 1382 4240 note:
1401 4193 1416 4218 “
1426 4188 1477 4240 Istc
1488 4205 1534 4240 rex
1545 4190 1675 4242 Johannes
1687 4195 1814 4245 excellen.

796 4278 806 4306 ¹
822 4277 853 4326 In
864 4276 907 4326 the
918 4275 996 4324 lower
1005 4273 1104 4339 margin
1122 4287 1165 4322 are
1176 4272 1263 4321 drawn
1308 4267 1412 4319 tissima
1423 4268 1491 4329 vita,
1502 4267 1543 4318 vir
1558 4269 1730 4321 sanctissimus
1741 4281 1766 4323 et
1782 4273 1811 4324 in

762 4365 813 4408 tero
831 4353 933 4414 shields,
950 4353 1073 4413 reversed,
1084 4352 1197 4401 between
1213 4356 1263 4400 two
1308 4347 1385 4399 armis
1402 4347 1596 4408 strenuissimus,
1608 4357 1633 4398 et
1643 4364 1746 4415 corpore
1762 4353 1813 4404 fuit

763 4437 858 4488 swords
869 4433 932 4485 with
943 4432 986 4483 the
996 4433 1081 4497 points
1092 4432 1264 4490 dowuvsrds3
1308 4426 1514 4493 elegantissimus.
1533 4426 1652 4489 Qualibet
1659 4436 1740 4490 nocte,
1749 4447 1811 4495 qna-

763 4532 824 4567 over
839 4513 883 4565 the
897 4513 960 4573 first,
971 4526 1055 4572 unte,
1071 4525 1088 4560 a
1098 4509 1147 4559 fish
1158 4517 1226 4560 creet
1236 4509 1264 4558 in
1308 4507 1330 4556 si
1341 4506 1383 4556 vir
1392 4506 1532 4571 religiosus,
1544 4507 1655 4556 surrexit
1666 4510 1699 4558 ad
1709 4512 1810 4561 matuti-

763 4595 826 4661 pale,
838 4608 874 4654 or,
885 4593 908 4642 is
926 4591 953 4641 in
964 4591 1010 4641 red
1027 4591 1119 4648 letters,
1139 4593 1154 4617 “
1164 4586 1264 4638 Sestum
1308 4600 1362 4646 nas,
1373 4593 1398 4636 et
1418 4593 1477 4636 ante
1497 4593 1602 4636 mortem
1622 4587 1718 4652 aliquot
1737 4591 1811 4642 annis

762 4675 816 4740 ‹rJ’ue
823 4674 943 4738 primm
959 4671 1010 4719 and
1020 4684 1081 4718 over
1100 4668 1144 4718 the
1163 4668 1263 4728 second,
1306 4665 1388 4716 factus
1398 4665 1477 4715 trater
1495 4665 1589 4723 Minor,
1600 4680 1679 4730 usque
1697 4669 1729 4717 ed
1744 4684 1810 4720 mor-

763 4769 800 4815 or,
822 4769 838 4802 a
862 4767 930 4802 cross
947 4756 1044 4814 argent,
1065 4746 1194 4797 “Sestum
1213 4749 1265 4809 ejus
1308 4751 1359 4794 tem
1381 4743 1539 4794 sanctitatem
1560 4745 1724 4796 continuarit„
1774 4749 1811 4800 Et

764 4830 921 4883 secundam.''
938 4826 1052 4878 Beneath
1062 4825 1105 4876 the
1115 4826 1172 4876 first
1183 4825 1264 4875 shield
1308 4823 1345 4874 sic
1356 4839 1372 4872 a
1386 4838 1466 4888 regno
1478 4822 1617 4890 ter[r]enar
1628 4825 1810 4880 Jemsalemad

764 4914 787 4963 is
805 4926 925 4971 somn,
937 4910 986 4958 und
1005 4908 1084 4957 below
1104 4921 1136 4956 an
1157 4904 1263 4968 inscrip·
1308 4904 1433 4954 coelestem
1443 4904 1632 4955 transvolavit”

763 4992 816 5042 tion
836 4992 863 5040 in
881 4991 932 5048 red,
952 4995 967 5017 ‘¹
978 4985 1049 5037 Obiit
1065 5002 1108 5034 rer
1125 4982 1263 5035 Jerusalem
1342 4983 1398 5032 ⁴In
1421 4983 1464 5033 the
1491 4984 1591 5049 margin
1613 5001 1655 5034 are
1683 4987 1771 5037 drawn
1793 5005 1810 5040 a

764 5070 892 5121 Jotonms
903 5067 932 5117 de
940 5066 1045 5125 Bresne,
1055 5062 1191 5129 cujuafilta
1200 5080 1263 5128 nup·
1307 5063 1382 5112 mitre
1392 5064 1443 5112 snd
1453 5063 1554 5125 croslet,
1565 5065 1688 5115 reversed.

765 5151 801 5199 tei
821 5147 912 5198 caua
925 5146 983 5211 seit
1000 5143 1142 5196 frederico
1160 5145 1263 5209 impera-
1291 5201 1293 5206 Ι
