4517 6425
639 1167 702 1232 206
771 1176 938 1231 πωπω
960 1178 1173 1230 rsa1s1sus1s
1196 1175 1359 1229 saroam
1381 1176 1582 1230 suononmt.

466 1361 536 1414 an.
552 1365 624 1414 121⁷.
637 1353 726 1420 Nam
757 1353 914 1422 continuo
938 1356 981 1421 ad
1003 1354 1202 1422 fidelitatem
1234 1356 1322 1443 regis
1352 1353 1548 1420 avolanmt¹
1581 1375 1695 1421 comes.

352 1517 356 1530 .
468 1454 825 1525 Theb²¹1⁰¹¹⁸Willelmus
855 1458 1133 1541 saresbiriensis?
1163 1481 1269 1527 eomes
1295 1457 1516 1547 W[illelmus]
1548 1459 1590 1525 de
1617 1458 1688 1525 Ha-
1803 1519 1805 1524 ⁴

467 1536 605 1640 ‘diffie
637 1563 762 1641 rumdal,
798 1584 904 1629 eomes
938 1561 1159 1651 W[illelmus]
1190 1562 1389 1642 Warannioe,
1425 1568 1459 1628 et
1489 1561 1549 1627 alii
1578 1562 1687 1643 multi,

468 1655 597 1788 {iffi}
637 1667 725 1732 dicto
749 1666 820 1753 regi
842 1667 995 1753 deinceps
1016 1666 1159 1733 fideliter
1182 1666 1397 1734 adhaerentes.
1452 1665 1518 1732 Sed
1540 1671 1575 1732 et
1597 1688 1687 1753 mag-

588 1762 594 1774 ’
637 1792 701 1835 nus
717 1770 930 1835 Maresoallus
945 1768 1161 1849 Willelmum,
1183 1770 1291 1835 filium
1306 1791 1404 1835 suum
1418 1769 1693 1857 primogenitum,-

635 1873 678 1938 ad
706 1874 793 1960 regis
827 1873 1025 1939 fidelitatem
1056 1896 1222 1956 revocans,
1253 1879 1382 1962 partem
1416 1872 1597 1940 Lodouuici
1619 1895 1686 1940 non

635 1977 843 2042 mediocriter
864 1977 1044 2044 mutilavit.
1689 2020 1694 2030 ·

834 2253 886 2318 De
908 2251 1079 2319 obsidam
1102 2253 1206 2318 castri
1228 2252 1269 2319 de
1292 2252 1493 2320 Mwatsorel.

679 2401 743 2467 Per
764 2401 853 2467 idem
883 2407 1017 2488 tempus
1047 2405 1123 2487 post
1147 2400 1281 2478 Pascha,
1304 2406 1500 2488 procurante
1515 2399 1682 2466 Willelmo
1695 2409 1853 2491 Ropwend.

634 2504 836 2586 Maresoallo,
871 2508 1098 2570 convenerunt
1129 2504 1173 2569 ad
1207 2503 1425 2570 obsidendum
1463 2510 1608 2570 castrum
1642 2504 1683 2570 de
1731 2493 1766 2528 Ν·
1781 2484 1818 2529 ¹⁴·

530 2654 536 2665 .
633 2608 815 2674 Muntsorel
841 2607 1044 2695 Ranulphus,
1060 2628 1168 2672 eomes
1184 2606 1332 2686 Oestriae,
1354 2607 1553 2689 willelmus,
1577 2629 1684 2673 comes

632 2711 853 2791 Albemarliae,
878 2711 1073 2788 Willelmus,
1089 2733 1196 2777 eomes
1220 2711 1260 2777 de
1284 2711 1437 2790 Ferariis,
1455 2712 1621 2796 Robertus
1643 2712 1683 2776 de

633 2814 871 2901 Veteri-ponte,
897 2814 1061 2879 Briennus
1085 2814 1126 2879 de
1143 2814 1266 2892 Insula,
1289 2814 1477 2879 Willelmus
1501 2815 1541 2880 de
1563 2814 1682 2880 (lante-

631 2917 719 3004 lup0‚
754 2917 926 3004 Philippus
961 2917 1060 2997 Marc,
1094 2916 1260 2982 Robertus
1293 2917 1334 2982 de
1367 2917 1483 3004 Gaugi,
1516 2918 1683 2982 Faloasius

632 3043 705 3085 cum
730 3020 917 3085 castellanis
940 3020 1016 3099 suis,
1044 3023 1079 3084 et
1105 3020 1164 3083 alii
1186 3019 1283 3084 multi
1310 3041 1352 3084 ex
1377 3019 1539 3106 praesidiis
1563 3024 1684 3085 castro-
1739 3071 1743 3079 .

633 3146 716 3201 rum,
741 3124 829 3209 [qui]
842 3122 855 3159 ³
869 3128 1014 3188 castrum
1039 3122 1079 3187 de
1097 3122 1281 3206 Muntsorel
1305 3122 1500 3188 obsiderunt
1515 3129 1550 3188 et
1565 3124 1684 3188 aeriter

632 3229 833 3293 invaserunt.
881 3227 964 3292 Erat
987 3231 1099 3292 autem
1132 3249 1281 3291 summus
1301 3229 1337 3291 in
1361 3228 1495 3293 castello
1520 3228 1683 3293 Henrieus

633 3331 673 3396 de
697 3330 861 3408 Braibroo,
877 3334 911 3394 et
934 3331 1044 3394 decem
1061 3329 1184 3394 milites
1207 3352 1281 3394 oum
1305 3351 1344 3394 eo
1365 3330 1594 3408 strenuissimi,
1609 3352 1682 3396 oum

632 3433 856 3499 servientibus
880 3432 1141 3519 quamplurimis.
1181 3431 1256 3512 Qui,
1271 3433 1585 3519 supervenientibus
1608 3433 1699 3500 hos.

631 3537 722 3602 tibus
751 3537 830 3602 licet
861 3536 1013 3612 infinitis,
1045 3534 1271 3601 assilientibus
1306 3536 1450 3602 viriliter
1483 3537 1702 3614 resistentes„

631 3640 757 3727 lapides
776 3662 836 3727 pro
858 3639 1035 3727 lapidibus,
1050 3639 1119 3705 tela
1133 3661 1193 3726 pro
1209 3639 1285 3704 telis
1308 3639 1563 3726 infatigabiliter
1584 3640 1682 3706 remi-

465 3762 574 3812 Thebe
631 3748 752 3809 serunt.
800 3742 923 3809 Inclusi
950 3765 1081 3830 quoque
1112 3764 1171 3830 per
1193 3742 1264 3807 dies
1286 3742 1410 3809 multos
1432 3747 1576 3809 castrum
1598 3743 1682 3808 bene

464 3826 620 3955 ffiffnl
632 3846 863 3928 defendissent,
897 3847 971 3925 nisi,
1009 3870 1051 3912 ne
1085 3847 1172 3912 forte
1206 3846 1306 3932 longa
1338 3846 1508 3912 obsidione
1542 3847 1681 3912 deficere

463 3962 558 4040 earlos
632 3956 835 4037 cogerentur,
864 3951 1032 4016 misissent
1054 3950 1098 4015 ad
1128 3950 1268 4030 Sarrum,
1293 3950 1448 4016 comitem
1471 3949 1681 4015 Wintonien·

465 4030 708 4156 ,lgssnsss‘gpsem
731 4054 789 4140 qui
811 4058 892 4119 tunc
924 4053 1104 4119 Londoniis
1126 4058 1207 4136 erat,
1232 4053 1441 4119 obsecrantes
1471 4056 1511 4117 ut
1532 4052 1680 4119 celeriter
1692 4070 1851 4150 Ropwend.

630 4156 769 4222 obsessis
791 4156 991 4222 subveniret.
1047 4154 1140 4223 Tune
1171 4179 1278 4224 eomes
1300 4155 1459 4243 S[aerus],
1481 4155 1574 4241 cujus
1596 4155 1679 4221 illud
1731 4156 1765 4190 W·
1779 4146 1817 4193 ¹⁵·

630 4263 702 4324 erat
732 4264 884 4338 oestrum,
908 4259 951 4323 ad
983 4259 1207 4338 Lodowieum,
1230 4262 1288 4348 qui
1322 4282 1428 4347 nuper
1461 4260 1501 4325 de
1528 4260 1680 4346 partibus

631 4367 767 4428 venerat
796 4363 1027 4427 transmarinis
1050 4368 1085 4427 et
1109 4365 1145 4428 in
1175 4365 1258 4429 urbe
1289 4364 1400 4429 fuerat
1425 4362 1679 4442 Londoniarum,

631 4466 793 4542 accedens,
816 4465 999 4551 postulavit
1021 4489 1097 4530 eum
1121 4489 1195 4530 oum
1219 4466 1334 4531 amieis
1348 4464 1526 4543 obnixius⁴
1548 4472 1588 4531 ut
1606 4469 1681 4533 sub·
1796 4499 1798 4503 ·

631 4569 751 4634 sidium
769 4569 917 4633 mitteret
940 4569 1175 4655 militiaeque
1199 4570 1326 4634 obsidio
1345 4569 1533 4634 solveretur.
1579 4570 1680 4646 Tune,

631 4672 746 4737 habito
776 4675 931 4748 tractatu,
954 4672 1174 4737 communiter
1204 4673 1247 4737 ad
1278 4673 1422 4737 invicem
1456 4671 1680 4750 decreverunt,

900 4875 1000 4879 --—-.-
1040 4875 1281 4881 .-,.-,......--...--.
1345 4875 1453 4881 --·-..-..
1479 4876 1523 4881 ...-
1535 4877 1627 4884 ψη.-
1644 4879 1654 4882 Α.

665 4981 828 5049 ἀυοῑανιιηι]
858 4982 950 5032 Added
972 4997 1006 5031 on
1034 4989 1060 5031 to
1088 4983 1131 5032 the
1209 4982 1285 5048 ’quq
1306 4983 1427 5048 Supplied
1437 4986 1502 5035 from
1515 4987 1556 5038 W.
1568 4989 1599 5036 B.
1612 4988 1641 5040 C.

632 5071 694 5115 text
1211 5062 1354 5128 ‘obnixiuq
1368 5065 1501 5128 obnoxius,
1513 5067 1569 5120 ΜΒ.
1588 5069 1638 5117 and
1649 5068 1678 5117 B.

664 5141 890 5208 2δανειὶνίνίσνιςίε]
910 5138 1011 5203 Βατεδῖ,
1024 5142 1080 5193 MS.
1177 5142 1207 5194 C.
1242 5143 1312 5194 Corr.
1326 5144 1390 5194 stom
1404 5144 1479 5196 w.1.
