4517 6425
699 1177 747 1227 aa
769 1176 929 1226 rmrroas
952 1176 1053 1227 arms
1076 1177 1233 1244 sanarer,
1256 1179 1320 1231 viz.
1344 1179 1467 1230 rasura
1540 1167 1605 1233 293

556 1378 668 1423 carum
699 1378 800 1443 quam
832 1356 1016 1437 laicarum3
1049 1377 1110 1421 nec
1137 1354 1264 1441 profuit
1294 1356 1340 1421 cis
1362 1357 1540 1444 appellatio
1562 1358 1686 1424 adan.
1699 1372 1773 1423 122⁷.

551 1460 723 1526 dominum
746 1480 865 1546 papam
887 1459 1093 1546 interposita,
1110 1458 1178 1536 sed,
1194 1457 1311 1524 ordine
1334 1459 1478 1541 turbato,
1499 1462 1604 1526 archi·

552 1562 695 1650 episcopi
724 1566 759 1627 et
785 1562 937 1649 episcopi,
960 1561 1160 1627 auctoritate
1195 1560 1326 1649 papali,¹
1341 1583 1401 1648 per
1430 1584 1603 1629 censuram

550 1665 812 1744 ecclesiasticam,
836 1686 919 1750 quos
940 1664 1025 1729 laica
1046 1669 1193 1751 potestas
1216 1685 1284 1728 non
1306 1663 1426 1751 potuit,
1450 1666 1493 1730 ad
1516 1667 1602 1732 solu-

552 1767 678 1834 tionem
702 1768 793 1833 omni
816 1767 995 1833 destitutos
1017 1767 1136 1832 solatio
1159 1764 1408 1854 compulerunt.¹

606 1980 779 2064 Quomodo
804 2002 863 2048 ccc
879 1980 965 2069 fecit
988 1980 1175 2047 cancellare
1200 1986 1312 2048 codas
1338 1981 1556 2050 libertatum?

381 2128 540 2192 &swina
597 2121 722 2187 Eodem
744 2126 901 2208 ternpore,
925 2140 1036 2186 mense
1068 2120 1193 2185 scilicet
1216 2119 1404 2200 Februario,
1425 2144 1486 2188 rex
1510 2122 1601 2209 apud
1613 2126 1721 2179 Council

410 2210 446 2246 ι’·
461 2203 515 2250 ¹³⁹·
552 2225 726 2304 Oxoniarn,
751 2223 888 2289 concilio
910 2229 1119 2309 congregato,
1144 2223 1359 2289 denunciavit
1391 2246 1500 2290 coram
1532 2194 1720 2322 om-fflssi,

552 2326 651 2392 nibus
682 2349 717 2392 se
751 2325 909 2415 legitimae
932 2347 1001 2391 esse
1023 2324 1141 2402 aetatis,
1166 2330 1205 2389 ut
1228 2325 1269 2390 de
1300 2330 1407 2392 cctero
1430 2328 1558 2393 solutus
1580 2328 1695 2405 ΜΡΝ
1705 2329 1749 2379 tha

549 2429 709 2506 custodia,
724 2429 815 2515 regia
837 2428 971 2514 negotia
993 2428 1063 2513 ipse
1085 2426 1312 2514 principaliter
1335 2428 1509 2493 ordinaret.
1555 2429 1601 2494 Et
1612 2395 1768 2513 ffidffim,

549 2534 595 2598 sic
630 2532 687 2619 qui
709 2531 800 2618 prius
831 2537 977 2596 tutorem
1009 2530 1128 2594 habuit
1152 2534 1186 2594 et
1212 2535 1371 2596 rectorem
1398 2528 1664 2596 willelmumself
1672 2528 1764 2597 οἴῳ

551 2634 786 2712 Marescallum,
811 2634 891 2699 dum
912 2632 1049 2708 viveret,
1066 2637 1100 2697 et
1114 2632 1326 2717 postmodum
1348 2631 1492 2710 Petrum,
1506 2632 1603 2697 Win-

551 2738 736 2804 toniensem
763 2737 960 2824 episcopum,
990 2736 1134 2801 collum⁸
1156 2736 1308 2814 excussit,
1340 2759 1398 2823 per
1431 2735 1604 2802 consilium

552 2839 700 2906 Huberti
732 2839 774 2904 dc
808 2839 920 2926 Burgo
941 2838 1128 2925 justiciarii,
1154 2838 1194 2903 de
1221 2838 1355 2904 consilio
1378 2845 1412 2904 ct
1441 2838 1603 2926 guberna

552 2944 643 3010 tione
666 2942 748 3007 dicti
780 2942 921 3029 episcopi
945 2946 980 3006 et
1002 2962 1146 3018 suorum,
1170 2941 1227 3028 qui
1258 2942 1328 3029 regi
1352 2942 1485 3007 fuerant
1511 2941 1603 3029 prius

552 3046 645 3133 quasi
676 3044 857 3131 paedagogi.
902 3044 946 3107 In
969 3044 1082 3109 codem
1114 3044 1229 3129 itaque
1263 3044 1400 3110 concilio
1424 3044 1512 3110 idem
1542 3066 1602 3110 rex
1613 3046 1765 3099 nemeen

551 3149 629 3215 fecit
659 3146 838 3214 cancellare
872 3168 985 3211 omnes
1013 3151 1120 3211 cartas
1152 3145 1213 3211 de⁴
1238 3147 1415 3234 provinciis
1448 3147 1601 3215 omnibus
1612 3114 1772 3234 ffiffl

550 3253 645 3340 regni
667 3250 799 3337 Angliae
834 3250 876 3315 de
906 3250 1120 3315 libertatibus
1155 3249 1295 3327 forestae,
1329 3257 1504 3337 postquam
1530 3252 1603 3337 jam
1612 3249 1731 3302 liberates.

552 3378 613 3441 per
643 3355 817 3419 biennium
853 3352 890 3416 in
921 3357 994 3417 toto
1026 3374 1128 3438 regno
1162 3353 1296 3417 fuerant
1328 3354 1482 3434 usitatae;
1519 3354 1604 3419 hanc

551 3456 752 3523 occasionem
774 3453 1006 3542 praetendens,⁵
1029 3453 1118 3540 quod
1140 3459 1241 3519 cartae
1264 3453 1331 3520 illac
1353 3477 1512 3522 concessae
1534 3455 1605 3521 fuc-

553 3566 638 3637 rant,
660 3565 695 3623 et
726 3558 897 3623 libertates
928 3557 1059 3643 scriptae
1082 3560 1117 3620 et
1149 3557 1298 3643 signatae,
1321 3557 1401 3622 dum
1432 3559 1502 3643 ipse
1534 3562 1605 3623 erat

553 3664 616 3729 sub
637 3660 796 3738 custodia,
820 3682 880 3725 nec
902 3659 954 3724 sui
988 3659 1132 3745 corporis
1164 3665 1224 3725 aut
1255 3659 1357 3746 sigilli
1379 3659 1525 3746 aliquam
1547 3660 1605 3723 ha

541 3765 665 3849 ,buerit
698 3766 919 3850 potestatem
952 3763 1040 3827 unde
1063 3760 1192 3826 viribus
1226 3783 1336 3828 carere
1362 3761 1488 3842 debuit,
1517 3761 1605 3848 quod

542 3870 624 3945 ,sine
646 3868 775 3934 ratione
798 3866 908 3931 fuerat
930 3870 1134 3951 usurpatum.

570 4091 750 4158 Habemus
767 4087 990 4176 pactuatus
1012 4108 1086 4152 acor
1107 4093 1246 4153 tontum
1268 4085 1400 4153 (amittit
1420 4088 1582 4174 qratiam,

765 4192 822 4259 scd
845 4191 966 4258 odium
988 4189 1093 4256 totius
1114 4189 1213 4274 repsi
1234 4188 1398 4257 incurrit.

385 4353 544 4420 Roavvend.
601 4330 705 4394 Facta
726 4333 778 4394 est
800 4332 912 4393 autem
934 4347 1031 4412 supcr
1052 4325 1118 4389 hiis
1140 4325 1177 4388 in
1199 4325 1336 4390 concilio
1367 4327 1484 4414 ingens
1515 4351 1604 4394 mur·
1612 4319 1774 4451 1333&

413 4422 448 4473 iv.
463 4428 518 4473 1⁴0.
558 4432 714 4508 muratio,
737 4435 772 4496 et
794 4451 907 4495 omnes
929 4428 966 4493 in
983 4426 1206 4515 justiciarium
1229 4427 1329 4513 hujus
1348 4430 1731 4517 perturbatiomsbesomc

590 4664 596 4692 ¹
607 4661 650 4710 De
661 4657 833 4726 carpentibus.
844 4695 850 4708 .
863 4656 1054 4722 ‚compuleram
1139 4655 1257 4723 ³codum]
1277 4657 1422 4717 Interlincd,
1441 4659 1491 4708 and
1510 4665 1537 4708 st
1553 4658 1608 4708 first

558 4741 679 4806 Opposita
690 4739 743 4788 this
754 4736 853 4802 portion
864 4738 894 4786 of
907 4737 951 4786 the
965 4743 1021 4787 text
1036 4738 1058 4787 is
1106 4737 1208 4787 written
1221 4739 1327 4786 exussit
1338 4753 1372 4799 ae,
1384 4752 1412 4786 as
1423 4737 1450 4786 in
1462 4737 1503 4787 W.
1515 4737 1546 4787 B.
1559 4736 1588 4788 C.

556 4822 657 4871 written
668 4820 694 4868 in
705 4819 749 4869 the
758 4816 868 4881 margin,
876 4815 1057 4878 inredlcttcrs,
1139 4857 1148 4885 r
1159 4853 1202 4920 de]
1222 4853 1248 4903 in
1269 4853 1291 4906 c

556 4907 573 4929 “
584 4900 705 4958 dubiam,'’
723 4900 769 4948 but
788 4896 832 4946 the
843 4911 912 4946 same
922 4895 1058 4960 passageis
1250 4891 1258 4913 '
1292 4890 1299 4905 ¹

557 4980 584 5030 in
595 4979 637 5029 W.
647 4980 677 5029 B.
693 4979 722 5030 C.
1137 4972 1320 5039 ‘proetmqu
1332 4972 1489 5036 protendens,
1494 4969 1550 5022 MS.
1557 4971 1607 5020 and

591 5060 645 5109 ²In
665 5059 697 5108 B.
711 5057 755 5108 tbc
773 5057 829 5106 first
846 5053 945 5120 portion
964 5053 1058 5104 cithia
1104 5054 1135 5104 E.

558 5139 660 5204 chapter
670 5138 693 5189 is
704 5136 809 5188 marked
819 5139 835 5164 ‘⁸
847 5131 1050 5202 offendiculam!
