4517 6425
756 1188 803 1238 os
824 1189 984 1241 rsuroas
1007 1190 1108 1241 asam
1130 1190 1286 1253 sermm,
1307 1191 1375 1241 vm.
1396 1191 1520 1242 rnsrn.
1591 1175 1656 1246 471

611 1364 765 1444 ficabunt,
787 1368 902 1434 confisi
925 1368 966 1434 de
988 1367 1126 1455 antiquo
1142 1368 1316 1457 privilegio
1338 1390 1407 1448 suo,
1428 1391 1487 1457 per
1508 1372 1659 1434 sanctum
1670 1372 1739 1427 al).
1755 1380 1828 1427 124³·

612 1466 815 1536 Clementem
846 1471 943 1537 beato
974 1471 1125 1538 Dionisio
1155 1494 1306 1539 concesso
1338 1477 1372 1539 et
1403 1478 1547 1560 optento.
1594 1470 1660 1551 Qui

610 1570 683 1637 dico
705 1572 822 1639 beatus
844 1573 1024 1653 Dionisius,
1040 1576 1225 1642 mittendus
1239 1577 1283 1642 ad
1297 1576 1545 1663 praedicandum
1560 1575 1660 1641 fidem

611 1674 735 1741 Christi
769 1677 913 1759 Francis,
949 1679 1099 1765 optinuit·
1127 1679 1349 1767 apostolatum
1386 1680 1424 1744 in
1461 1678 1660 1766 dignitatem

609 1779 811 1864 praedicandi
841 1787 876 1847 et
906 1781 1044 1847 docendi
1077 1783 1233 1869 gentibus
1257 1782 1488 1850 cismontanis.
1534 1779 1657 1847 Unde¹

609 1878 674 1966 ipsi
707 1883 897 1963 cardinales,
919 1887 1013 1971 quasi
1036 1886 1234 1972 quibusdam
1256 1886 1400 1951 stimulis
1422 1885 1499 1950 hinc
1521 1885 1660 1972 impera·

609 1984 690 2049 toris
728 1985 806 2052 inde
844 1986 1045 2054 Francorum
1083 1989 1212 2076 agitati,
1248 1988 1389 2055 Romam
1427 1988 1659 2056 convenientes

609 2087 772 2170 adierunt,
796 2095 836 2156 ut
856 2112 976 2178 papam
998 2090 1158 2178 eligerent
1179 2091 1304 2157 ibidem
1326 2093 1525 2180 congregati.

816 2347 865 2416 Dc
888 2348 992 2416 stellis
1014 2371 1088 2437 qoae
1110 2332 1314 2417 videbuntur
1335 2347 1458 2417 cadara

654 2505 700 2574 Et
722 2507 837 2574 eodem
859 2525 956 2588 anno,
978 2510 1134 2576 videlicet
1155 2511 1212 2576 vii.
1234 2510 1393 2576 kalendas
1415 2509 1571 2598 Augusti,
1593 2509 1660 2576 fuit
1694 2517 1811 2589 ttJuly.

608 2633 677 2676 nox
699 2612 904 2678 serenissima
926 2635 1045 2699 aerque
1067 2614 1269 2702 purissimus.
1316 2615 1362 2680 Et
1384 2636 1456 2680 ecce
1478 2611 1584 2681 stellae
1607 2636 1657 2679 ca-
1670 2601 1815 2723 {imm

610 2714 685 2781 dere
708 2716 749 2781 de
772 2717 853 2782 coelo
875 2717 1085 2797 videbantur,
1110 2719 1266 2785 velociter
1294 2741 1364 2785 sese
1389 2718 1576 2805 jaculantes
1598 2718 1660 2785 hac

608 2826 643 2885 et
664 2819 759 2901 illao3
780 2820 830 2886 ita
852 2820 991 2907 quodsi
1013 2843 1136 2901 omnes,
1152 2844 1226 2910 quae
1249 2843 1284 2889 se
1306 2822 1421 2889 cadere
1446 2821 1658 2903 simulabant,

608 2946 695 2990 verae
726 2924 830 2992 stellae
846 2924 1005 3016 [fuissent
1028 2948 1089 2994 uec
1120 2948 1189 2994 una
1222 2927 1259 2994 in
1293 2928 1502 2994 firmamento
1529 2949 1659 2995 reman-

608 3026 712 3094 sisset

718 3287 768 3358 De
788 3287 904 3360 redita
926 3291 1016 3378 repis
1037 3292 1080 3358 isa
1101 3291 1273 3380 duplicem
1295 3314 1319 3359 a
1346 3291 1547 3360 Waseouia.2

653 3452 747 3519 Circa
768 3453 857 3519 idem
878 3460 1018 3540 tempus,
1040 3459 1216 3540 postquam
1245 3453 1371 3520 scilicet
1400 3454 1543 3520 solutum
1574 3455 1819 3540 essetArrivalof

607 3555 790 3642 capitulum
825 3556 1093 3622 cisterciensium
1126 3558 1287 3644 generale,
1319 3564 1484 3624 venerunt
1520 3555 1657 3622 abbates
1670 3526 1797 3660 {¹35}ssss

606 3658 783 3725 referentes
807 3659 895 3746 quod
909 3682 969 3725 rex
984 3659 1186 3726 Francorum
1206 3660 1342 3726 miserat
1363 3660 1441 3726 illuc
1463 3659 1657 3747 sollempnes

607 3763 753 3843 nuncios,
776 3763 963 3828 orationum
998 3763 1154 3850 suffragia
1185 3764 1227 3828 ad
1261 3785 1341 3851 opus
1374 3763 1461 3852 regis
1495 3769 1530 3828 et
1562 3761 1657 3850 regni

607 3866 808 3931 Francorum
837 3864 1049 3952 flagitantes?
1094 3866 1282 3952 Eodemque
1317 3873 1464 3953 tempore
1494 3888 1554 3931 rex
1585 3867 1656 3930 An-

606 3970 744 4056 glorum,
766 3969 936 4056 dispositis
958 3969 995 4033 in
1018 3969 1194 4035 Wasconia
1224 3968 1446 4055 disponendis,
1469 3969 1655 4035 commissa·

607 4095 670 4158 que
704 4072 854 4138 custodia
886 4078 983 4137 tensa
1020 4071 1109 4136 illius
1142 4071 1304 4138 Nicholao
1338 4071 1380 4138 de
1414 4063 1520 4150 Molis,
1555 4071 1655 4138 militi

607 4175 834 4241 strenuissimo
864 4198 901 4241 ac
934 4174 1131 4252 fidelissimo,
1165 4198 1262 4261 quem
1296 4173 1442 4262 praefecit
1472 4175 1656 4242 Wasconiae

606 4280 828 4358 senescallum,
850 4301 952 4345 naves
974 4279 1161 4358 ascendens,
1191 4301 1343 4366 prospere
1366 4279 1553 4367 navigando
1583 4278 1657 4344 red-

607 4385 678 4450 iens
703 4386 739 4450 in
765 4383 920 4470 Anglia'm
934 4382 1173 4462 transfretavit,
1190 4387 1225 4448 et
1246 4382 1308 4448 vii⁰
1331 4380 1489 4449 kalendas
1505 4382 1657 4449 Octobris
1688 4391 1803 4460 asSept.

605 4489 694 4575 apud
716 4488 904 4553 Portesmue
927 4487 1091 4574 applicuit.

672 4648 809 4656 ...-........-.
817 4650 904 4654 ..--
916 4650 945 4654 --
952 4649 1047 4655 ——--
1053 4647 1275 4655 ----—-·—--.—

641 4730 647 4759 ¹
671 4726 752 4793 Unde]
772 4728 976 4779 Ouanorasura
1152 4730 1245 4788 abeat,
1262 4728 1288 4777 in
1299 4728 1383 4778 which
1399 4739 1516 4791 aperson
1533 4727 1579 4779 sib
1595 4729 1653 4778 who

639 4809 696 4857 1-Ἰιι
719 4808 761 4857 the
783 4809 885 4873 margin
904 4806 926 4856 is
945 4823 961 4857 a
977 4806 1106 4858 uellere·
1151 4808 1173 4858 is
1195 4809 1329 4858 addressed
1353 4809 1388 4872 by
1411 4807 1454 4858 the
1476 4807 1547 4873 king.
1583 4807 1653 4859 Oves·

606 4891 680 4940 cuted
707 4887 822 4953 drawing
855 4887 1030 4951 representing
1062 4887 1106 4936 the
1151 4889 1194 4937 the
1205 4889 1283 4938 heads
1295 4887 1327 4937 of
1339 4887 1382 4936 the
1393 4886 1518 4953 liugand
1529 4902 1610 4953 queen
1628 4887 1652 4937 is

606 4969 698 5020 arrival
719 4968 749 5017 of
766 4969 808 5018 the
828 4967 891 5032 king
909 4982 942 5017 on
961 4967 1106 5030 shipboard,
1152 4968 1252 5018 written
1271 4968 1299 5016 in
1314 4968 1359 5017 red
1378 4966 1463 5017 letters
1481 4966 1585 5030 “Rea”
1602 4970 1652 5018 and

606 5049 784 5114 accompauied
811 5050 846 5113 by
873 5049 916 5098 the
947 5063 1027 5112 queen
1054 5047 1105 5096 and
1151 5047 1296 5113 “Ropisa’'

605 5133 696 5182 others.
730 5130 772 5195 By
782 5129 825 5180 the
836 5128 890 5180 side
905 5128 936 5178 of
947 5127 992 5179 the
1008 5127 1064 5192 ship
1081 5126 1105 5178 is
1184 5126 1365 5194 ’flaqitontesJ
1385 5127 1479 5180 Added
1489 5127 1518 5180 in
1528 5143 1607 5196 mma.
