4517 6425
691 1178 757 1243 330
817 1190 983 1243 ulmum
1005 1190 1219 1245 rlsrsrmrsrs
1241 1190 1407 1245 maroam
1428 1190 1627 1246 suanorum

523 1369 592 1421 ΑΒ·
606 1375 680 1423 12³1·
694 1369 847 1437 Huberto
880 1370 1075 1457 justiciario‚
1109 1371 1198 1459 quod
1243 1372 1414 1438 castellum
1447 1372 1488 1437 de
1520 1368 1741 1458 Thunebruge

519 1464 768 1600 ffl'fflwcum
789 1474 871 1539 villa
893 1480 928 1540 et
950 1475 1161 1561 pertinentiis
1190 1474 1270 1562 ejus,
1294 1480 1329 1542 et
1350 1474 1433 1542 alias
1455 1475 1614 1563 quasdam
1635 1479 1741 1540 terras

522 1599 633 1651 mutue
694 1575 865 1658 Gileberti,
889 1578 1021 1644 comitis
1052 1577 1094 1643 de
1129 1576 1236 1659 Clare,
1270 1600 1376 1666 nuper
1407 1577 1563 1657 defuncti,
1598 1598 1674 1664 quae
1697 1575 1741 1641 ad
1816 1594 1819 1601 ·

520 1666 662 1733 Justiciary.
687 1680 744 1766 jus
777 1679 1025 1748 cantuariensis
1057 1681 1202 1747 ecclesiae
1233 1681 1437 1770 spectabant,
1460 1682 1585 1768 injuste
1615 1680 1742 1746 detine-

513 1783 517 1791 '
690 1783 771 1867 bat;
795 1785 882 1852 unde
905 1784 993 1849 idem
1016 1806 1125 1851 comes
1148 1788 1184 1850 et
1205 1783 1460 1872 praedecessores
1481 1784 1534 1849 sui
1556 1783 1600 1849 ad
1629 1804 1740 1869 recog-

687 1875 853 1954 nitionem
885 1887 1034 1975 homagii
1070 1887 1282 1954 tenebantur.
1329 1886 1404 1969 Qua
1436 1886 1477 1953 de
1506 1908 1606 1953 causa
1627 1907 1740 1973 regem

688 1991 831 2078 rogavit,
863 1995 904 2057 ut
933 1990 1119 2057 custodiam
1154 1988 1239 2056 dicti
1266 1990 1395 2056 castelli
1425 2011 1500 2056 cum
1530 1987 1740 2077 pertinentiis

688 2092 752 2158 sibi
788 2094 986 2160 restitueret
1033 2092 1097 2158 Oui
1128 2093 1329 2181 respondens
1361 2115 1429 2172 ren,
1462 2092 1552 2158 dixit
1585 2092 1738 2159 comitem

688 2196 864 2282 praefatum
887 2197 928 2264 de
950 2219 986 2263 se
1009 2202 1122 2263 tenere
1145 2196 1182 2261 in
1204 2197 1322 2283 capite,
1338 2201 1373 2263 et
1394 2201 1551 2262 vacantes
1572 2194 1738 2262 custodias
1750 2203 1913 2283 Ropwend.

688 2299 846 2379 comitum
871 2303 906 2365 et
928 2301 1099 2379 baronum,
1119 2302 1154 2365 et
1177 2299 1366 2366 eorumdem
1389 2298 1547 2365 heredum
1577 2299 1621 2363 ad
1644 2320 1738 2364 suam
1775 2278 1881 2326 ΜΟ·

688 2423 842 2469 coronam
863 2425 966 2491 usque
989 2404 1033 2469 ad
1055 2407 1192 2469 aetatem
1214 2401 1399 2490 legitimam
1421 2402 1594 2491 pertinere,
1619 2406 1653 2468 et
1676 2401 1739 2468 sibi

687 2505 784 2572 licere
807 2503 893 2573 tales
915 2505 1083 2573 custodias
1105 2506 1159 2572 oui
1181 2505 1329 2573 voluerit
1342 2505 1486 2572 vendere
1506 2505 1562 2571 vel
1584 2504 1738 2571 consenc.

520 2622 660 2703 rhonch-
687 2606 963 2698 Archiepiscopus
985 2631 1074 2690 ver0,
1098 2632 1173 2677 cnm
1198 2609 1292 2675 aliud
1311 2630 1507 2698 responsum
1529 2607 1649 2675 habere
1671 2630 1737 2674 non

517 2691 810 2811 fflffiffipotuit,
834 2712 1137 2780 excommunicavit
1159 2734 1273 2778 omnes
1304 2712 1475 2779 invasores
1497 2712 1739 2800 possessionum

519 2840 581 2903 urge
591 2775 643 2878 hii'
687 2816 927 2904 praedictarum,
952 2823 987 2884 et
1008 2837 1130 2897 omnes,
1154 2821 1275 2905 praeter
1296 2838 1416 2907 regem,
1439 2815 1497 2903 qui
1520 2838 1594 2883 cum
1616 2814 1738 2882 eisdem

519 2893 659 2947 'mmm'
687 2920 952 2987 communionem
975 2919 1145 2987 haberent.
1192 2919 1238 2985 Et
1268 2925 1339 2985 tam
1371 2942 1431 3009 pro
1453 2919 1519 2984 hiis
1542 2941 1643 3007 quam
1665 2918 1740 2984 aliis

688 3021 729 3090 de
752 3024 858 3091 causis
874 3024 1023 3102 *Romam
1055 3022 1231 3113 profectus,
1251 3022 1427 3109 jussuum
1450 3028 1484 3090 et
1507 3021 1649 3090 ecclesiae
1671 3044 1739 3089 suae

520 3138 648 3228 Rogare
688 3127 833 3193 viriliter
860 3126 1015 3217 prosequi
1051 3126 1244 3193 maturavit.
1289 3126 1363 3194 Rex
1396 3147 1476 3193 vero
1499 3148 1517 3192 e
1540 3131 1665 3207 contra,
1697 3128 1738 3191 ut

518 3215 624 3268 cml
639 3230 663 3268 ¹⁸
689 3254 820 3299 causam
851 3254 944 3299 suam
977 3235 1237 3320 prosequeretur,
1268 3231 1464 3320 magistrum
1499 3231 1664 3320 Rogemm
1697 3230 1738 3297 de

518 3290 646 3418 hedhioby
690 3335 835 3404 Cantelu
859 3335 1000 3404 Romam
1035 3357 1109 3403 cum
1141 3334 1216 3402 aliis
1240 3335 1439 3423 quibusdam
1474 3335 1605 3402 nunciis
1638 3333 1738 3401 desti-

519 3416 644 3485 theklng.
688 3441 793 3509 navit

912 3748 1091 3821 Combusta
1113 3753 1159 3818 cat
1182 3746 1266 3818 cello
1288 3747 1329 3817 dc
1351 3743 1517 3837 Hctfelct.¹

518 3919 679 3986 Ramingos
733 3902 898 3989 Annoque
931 3901 993 3966 auh
1036 3901 1155 3967 eodem
1193 3899 1365 3966 combusta
1407 3904 1459 3965 est
1496 3897 1579 3964 aella
1618 3897 1754 3966 Sancti.

518 3987 664 4105 {lgpgffid
687 4005 811 4072 libau
833 4004 874 4070 oe
898 4002 1101 4082 saltuoso,
1124 4002 1220 4069 xvuo.
1243 4001 1402 4069 kalendas
1423 4000 1558 4088 Apsus,
1581 4001 1756 4069 vicenae.

533 4146 561 4195 17
575 4093 672 4195 mh,
688 4109 821 4175 ecclesia
844 4130 918 4174 cum
951 4107 1046 4189 turri,
1081 4111 1116 4171 et
1149 4105 1303 4172 omnibus
1336 4104 1475 4171 officinis
1497 4104 1756 4193 adjacentibus„¹

687 4212 825 4278 salvatis
846 4213 983 4276 tantum
1002 4203 1211 4296 presbiterio,
1234 4230 1309 4273 cum
1340 4207 1557 4288 vestimentis,
1580 4208 1756 4275 calicibus.

687 4320 722 4381 et
744 4314 848 4392 libris,
872 4320 907 4378 et
930 4313 1085 4379 similiter
1107 4311 1234 4376 horreis
1255 4317 1290 4377 et
1318 4312 1480 4399 granario.
1525 4311 1603 4377 Alia
1625 4317 1756 4379 autem.

687 4417 799 4484 omnia
830 4416 995 4495 utensilia,
1031 4414 1163 4493 scilicet,
1197 4413 1284 4501 ciphi
1316 4415 1467 4502 argentei
1503 4421 1538 4481 et
1570 4417 1756 4496 macerini„

687 4545 762 4589 cum
796 4519 997 4588 coclearibus
1029 4523 1064 4584 et
1100 4517 1311 4599 mensalibus,
1348 4524 1383 4585 et
1417 4519 1572 4585 omnibus
1608 4520 1667 4607 qui
1700 4520 1757 4584 in.

686 4625 859 4694 refectorio
891 4629 926 4690 et
959 4621 1154 4688 dormitorio
1197 4620 1416 4704 habebantur,
1448 4629 1482 4690 et
1520 4623 1594 4689 ollis
1627 4624 1756 4703 aeneis,.*

687 4735 722 4796 et
745 4728 898 4809 donanis,
922 4730 957 4793 et
991 4725 1092 4793 etiam
1115 4725 1282 4813 campanis
1312 4723 1522 4814 liquefactis,²
1544 4725 1737 4794 combusta³

686 4834 864 4921 perierunt.

1553 5005 1734 5013 ..α-*α

720 5099 795 5150 ¹The
819 5099 899 5148 whole
922 5097 952 5148 ol'
965 5097 1016 5148 this
1038 5095 1143 5164 chapter
1164 5096 1186 5149 ie
1265 5095 1438 5165 ²lt'qurfoctia]
1458 5098 1680 5165 loquebarieMs.

685 5180 766 5230 added
777 5179 805 5228 in
817 5179 859 5228 the
870 5177 947 5228 lower
958 5176 1065 5243 margin.
1265 5176 1420 5244 ’comtum
1440 5182 1570 5240 conbusta
1587 5178 1645 5231 MS.
