4517 6425
675 1184 738 1247 148
801 1197 967 1247 MA'HHAEI
991 1195 1204 1246 PABISIENSIS
1228 1195 1390 1245 HISTORIA
1411 1193 1610 1247 ANGLORUM.

508 1395 576 1449 al).
591 1401 662 1451 1214.
675 1374 906 1461 archiepiscopi
937 1371 1211 1450 Omituariensis;
1241 1370 1297 1435 sed
1327 1371 1484 1456 quoniam
1515 1376 1606 1437 carta
1637 1371 1724 1458 regis

508 1488 643 1541 theasser-
678 1498 757 1541 auro
778 1476 906 1542 bullata
928 1475 1061 1541 domino
1095 1495 1191 1560 papae
1220 1473 1262 1538 de
1294 1472 1497 1559 subjectione
1529 1479 1566 1540 et
1597 1474 1725 1539 tributo

507 1556 648 1689 {lffifph
679 1579 771 1665 regni
793 1578 925 1665 Angliae
957 1583 991 1643 et
1022 1576 1195 1641 Hiberniae
1225 1574 1304 1641 illue
1335 1597 1355 1639 a
1386 1576 1580 1663 Pandulpho
1615 1577 1725 1643 delata

677 1681 792 1761 fuerat,
809 1686 844 1746 et
865 1703 959 1767 papea
981 1685 1016 1745 et
1037 1678 1189 1745 omnibus
1209 1678 1308 1743 curiae
1324 1676 1480 1744 Romanae
1495 1680 1576 1745 adeo
1591 1679 1746 1767 placuit„

678 1784 786 1849 dictus
816 1784 973 1869 magister
1003 1782 1118 1847 Simon
1148 1782 1184 1845 in
1215 1780 1282 1845 suis
1312 1781 1628 1848 contradictionibus
1657 1803 1725 1847 non

678 1886 788 1972 potuit
810 1884 969 1950 exaudiri
1013 1883 1191 1949 Assembat
1212 1884 1346 1969 insuper
1361 1883 1577 1970 Pandulphus
1603 1906 1725 1950 memo-

677 1992 778 2068 ratus,
795 2009 905 2073 regem
919 1986 1192 2073 benignissimum
1207 1985 1306 2051 finisse
1326 1991 1361 2049 et
1380 1987 1576 2068 modestum,
1593 1988 1745 2054 domino.

678 2112 771 2177 papae
796 2112 936 2176 pronum
960 2089 1059 2153 fuisse
1082 2111 1120 2154 ac
1144 2089 1320 2167 devotum3
1343 2088 1620 2176 archiepiscopum
1645 2113 1744 2176 quo·.

677 2214 741 2277 que
764 2199 798 2257 et
822 2192 988 2279 episcopos
1012 2192 1048 2255 in
1074 2190 1302 2256 exactionibus
1328 2190 1395 2255 suis
1421 2196 1456 2255 et
1479 2191 1515 2257 in
1540 2192 1725 2259 ablatorum

677 2293 943 2359 restitutionibus
972 2298 1143 2379 protervos
1172 2291 1271 2357 fuisse
1302 2296 1415 2357 contra
1441 2314 1550 2379 regem
1573 2295 1744 2360 humilia.

678 2403 759 2472 tum,
777 2401 812 2461 et
834 2418 949 2461 avaros
974 2418 1071 2481 supra
1098 2394 1243 2475 modum,
1267 2399 1301 2459 et
1325 2395 1413 2479 quod
1439 2417 1549 2482 regem
1573 2407 1607 2461 et
1633 2398 1744 2483 regni.

677 2499 847 2564 libertates
870 2498 944 2585 plus
970 2520 1063 2584 aequo
1091 2497 1328 2583 deprimebant.
1376 2496 1422 2563 Et
1448 2499 1495 2563 sie
1521 2500 1723 2585 propositum

678 2601 906 2688 archiepiscopi
930 2605 964 2666 et
987 2601 1209 2689 episcoporum
1233 2600 1469 2666 detrimentum
1492 2600 1629 2667 incurrit
1650 2622 1743 2665 eum.

678 2704 842 2769 dilatione.

782 2914 854 2979 Rau
874 2912 903 2978 J
907 2911 1087 3000 [olrocaucs]
1112 2913 1346 2999 iroraafretuuit
1369 2914 1413 2981 io
1436 2914 1636 2983 Fiduciam.

509 3072 666 3123 Johnsends
723 3064 847 3129 Eodem
873 3084 961 3127 anno
984 3084 1044 3126 rex
1069 3062 1092 3127 J
1095 3057 1271 3150 [ohannes]
1297 3064 1389 3130 misit
1410 3066 1613 3154 principibus
1639 3065 1896 3162 mili-noguenu.

509 3148 644 3262 {32¹¹ssssss
679 3168 735 3233 tiae
771 3189 847 3242 suae,
882 3165 938 3252 qui
975 3169 1070 3230 erant
1107 3164 1142 3229 in
1177 3164 1343 3245 Flandria,
1381 3169 1553 3255 pecuniam
1586 3170 1725 3238 multam
1762 3149 1868 3201 ΜΝ·

510 3274 626 3323 inFlan-
679 3271 785 3348 nimis,
816 3273 856 3332 ut
894 3290 1004 3355 regem
1035 3267 1236 3334 Francorum
1271 3270 1516 3355 inquietarent¹
1551 3280 1586 3340 et
1622 3278 1727 3340 terras

510 3342 615 3485 ῗῖζῖω.
680 3375 748 3459 ejus
775 3372 1009 3449 devastarent;
1033 3370 1120 3456 quod
1147 3377 1181 3436 et
1207 3369 1270 3458 ipsi
1296 3371 1475 3458 vigilanter
1497 3376 1725 3462 impleverunt.
1738 3396 1894 3462 Rucuma

511 3503 624 3551 barksat
681 3477 754 3540 Rex
776 3480 888 3540 autem
904 3474 927 3539 J
930 3472 1102 3560 [ohannes]
1126 3472 1179 3538 die
1207 3473 1447 3541 Purifieationis
1472 3478 1578 3544 beatae
1603 3479 1727 3558 Maria,
1773 3463 1806 3515 iii.
1820 3468 1877 3514 aso.

510 3569 536 3684 ll
534 3576 606 3696 m,
617 3637 667 3685 anu
679 3578 787 3643 missis
813 3578 952 3642 Romam
978 3598 1037 3662 pro
1061 3575 1264 3641 relaxatione
1285 3577 1453 3644 interdicti
1479 3582 1616 3662 nunciis,
1640 3581 1728 3669 apud

511 3703 621 3752 tannae
681 3682 880 3758 Portesmue,
902 3680 1017 3767 regina
1048 3679 1251 3760 eomitante,2
1278 3702 1380 3746 naves
1410 3683 1566 3764 aseendit,
1591 3689 1626 3750 et
1654 3706 1728 3750 cum

511 3769 641 3820 Rochelle.

547 3853 634 3902 mh
680 3785 827 3849 exercitu
848 3805 907 3847 suo
930 3782 1018 3869 apud
1034 3782 1206 3868 Rupellam
1222 3783 1287 3848 cito
1302 3784 1469 3871 applicuit.
1516 3786 1589 3867 Quo
1603 3787 1729 3869 audito,

513 3943 668 3995 Thenomea
681 3891 843 3951 venerunt
869 3885 912 3950 ad
943 3906 1018 3949 eum
1044 3885 1238 3950 catervatim
1269 3884 1367 3951 multi
1393 3887 1533 3953 barones
1560 3887 1726 3971 Pictaviae,

394 4057 398 4066 .
511 4010 642 4062 ofroiuu
681 3994 715 4053 et
751 3986 898 4053 infideles
937 3986 1133 4052 fidelitatem
1164 3988 1195 4052 ei
1220 3987 1426 4073 juraverunt.
1488 3991 1617 4057 Deinde
1655 4015 1728 4080 pro-

512 4091 629 4212 ffigto
681 4090 839 4177 grediens,
865 4090 899 4153 in
928 4110 1030 4153 manu
1052 4088 1129 4154 forti
1151 4090 1247 4176 plura
1270 4096 1378 4155 castra
1396 4092 1541 4160 hostium
1565 4095 1628 4159 sibi
1651 4096 1727 4161 sub·

512 4213 574 4264 him.
676 4193 832 4279 Jugavit3
867 4192 924 4258 sed
954 4191 1131 4278 subjugata
1161 4192 1270 4259 minus
1304 4197 1399 4261 caute
1435 4195 1552 4262 alienis
1587 4198 1746 4264 tradidit.

682 4293 915 4360 eustodienda⁸
1722 4312 1726 4318 ·

718 4515 912 4581 'inquietarem
948 4515 980 4566 In
1015 4515 1057 4565 the
1084 4515 1184 4580 margin
1263 4515 1327 4566 'aad
1337 4555 1343 4568 .
1356 4555 1363 4569 .
1375 4516 1559 4584 ,euamdieudu]
1572 4517 1683 4571 Written
1694 4536 1727 4570 on

685 4597 818 4646 tramisit
829 4596 851 4644 is
865 4596 945 4645 added
961 4595 1025 4644 efter
1040 4594 1091 4644 this
1105 4596 1183 4656 word,
1228 4612 1244 4646 a
1266 4596 1314 4661 slip
1332 4597 1362 4646 of
1379 4598 1473 4648 vellum
1494 4600 1581 4662 posted
1604 4614 1665 4650 over
1685 4601 1728 4650 the

684 4679 730 4727 but
740 4675 793 4726 itis
806 4674 970 4740 superfluous,
981 4673 1064 4724 unless
1080 4673 1151 4731 mair,
1162 4674 1185 4724 is
1228 4676 1333 4741 original
1345 4683 1406 4737 text,
1418 4677 1501 4728 which
1511 4693 1559 4728 cun
1570 4678 1621 4729 still
1633 4680 1664 4730 be
1672 4695 1728 4744 par·

683 4756 826 4820 previously
846 4755 958 4813 omitted,
977 4768 1005 4803 aa
1025 4752 1048 4802 is
1065 4752 1108 4803 the
1127 4767 1184 4804 ease
1227 4755 1298 4821 tially
1313 4758 1372 4806 read
1389 4755 1457 4818 thus,
1479 4756 1552 4817 Quod
1568 4760 1612 4822 qm·
1629 4756 1728 4823 plenius

684 4835 754 4886 inu.
1227 4835 1307 4885 scired
1321 4834 1427 4886 cudae!
1450 4874 1456 4886 .
1482 4872 1489 4886 .
1510 4874 1517 4888 .
1536 4874 1543 4888 .
1561 4836 1652 4888 nudi.
1671 4875 1677 4888 .
1695 4877 1702 4889 .
1722 4876 1727 4889 -.

715 4913 875 4979 memiana]
895 4910 1039 4978 Originally
1054 4913 1145 4973 comite,
1156 4927 1184 4964 aa
1227 4914 1275 4966 See
1286 4915 1328 4965 the
1336 4916 1409 4966 letter
1415 4917 1518 4967 oflohn
1530 4925 1556 4966 to
1568 4917 1727 4968 theJustiees

683 4995 711 5043 in
721 4993 802 5044 w.13.
818 4993 856 5052 0.,
866 4992 912 5040 but
927 4988 964 5040 cel
979 4998 1023 5039 eun
1039 4990 1183 5052 interlined,
1227 4992 1473 5060 oltheExchequer,
1483 4995 1509 5044 in
1519 4995 1609 5047 Wend
1621 4996 1658 5047 iii.
1669 5002 1727 5057 280,

683 5089 710 5122 aa
727 5089 742 5122 a
759 5071 907 5131 correction,
924 5069 1008 5120 which
1028 5069 1051 5119 is
1067 5069 1183 5121 followed
1227 5075 1276 5122 and
1287 5074 1318 5126 B.
1331 5073 1359 5127 C.
1371 5076 1421 5139 (ed
1436 5074 1517 5139 Wats,
1528 5091 1552 5140 p.
1562 5078 1632 5141 248).
