<?xml version="1.0" encoding="UTF-8"?>
<!DOCTYPE html PUBLIC "-//W3C//DTD XHTML 1.0 Transitional//EN"
    "http://www.w3.org/TR/xhtml1/DTD/xhtml1-transitional.dtd">
<html xmlns="http://www.w3.org/1999/xhtml" xml:lang="en" lang="en">
 <head>
  <title>
</title>
<meta http-equiv="Content-Type" content="text/html;charset=utf-8" />
  <meta name='ocr-system' content='tesseract 3.04.00' />
  <meta name='ocr-capabilities' content='ocr_page ocr_carea ocr_par ocr_line ocrx_word'/>
</head>
<body>
  <div class='ocr_page' id='page_1' title='image "./matthiparisiens00parigoog/matthiparisiens00parigoog_0318.png"; bbox 0 0 4517 6425; ppageno 0'>
   <div class='ocr_carea' id='block_1_1' title="bbox 663 1200 1607 1263">
    <p class='ocr_par' dir='ltr' id='par_1_1' title="bbox 663 1200 1607 1263">
     <span class='ocr_line' id='line_1_1' title="bbox 663 1200 1607 1263; baseline -0.005 0"><span class='ocrx_word' id='word_1_1' title='bbox 663 1200 727 1263; x_wconf 79' lang='lat'><em>306</em></span> <span class='ocrx_word' id='word_1_2' title='bbox 794 1210 959 1261; x_wconf 69' lang='lat' dir='ltr'><em>numm</em></span> <span class='ocrx_word' id='word_1_3' title='bbox 981 1208 1198 1261; x_wconf 78' lang='lat' dir='ltr'><em>rsnurnusrs</em></span> <span class='ocrx_word' id='word_1_4' title='bbox 1220 1205 1383 1260; x_wconf 75' lang='lat' dir='ltr'><em>merosus</em></span> <span class='ocrx_word' id='word_1_5' title='bbox 1405 1206 1607 1261; x_wconf 65' lang='lat' dir='ltr'><em>moronus.</em></span> 
     </span>
    </p>
   </div>
   <div class='ocr_carea' id='block_1_2' title="bbox 699 1463 1681 1663">
    <p class='ocr_par' dir='ltr' id='par_1_2' title="bbox 699 1463 1681 1663">
     <span class='ocr_line' id='line_1_2' title="bbox 699 1463 1681 1556; baseline -0.003 -19"><span class='ocrx_word' id='word_1_6' title='bbox 699 1470 869 1553; x_wconf 79' lang='lat' dir='ltr'><em>Quomodo</em></span> <span class='ocrx_word' id='word_1_7' title='bbox 890 1477 1067 1555; x_wconf 64' lang='lat' dir='ltr'><em>mwuatea</em></span> <span class='ocrx_word' id='word_1_8' title='bbox 1089 1470 1325 1538; x_wconf 77' lang='lat' dir='ltr'><em>trausutariui</em></span> <span class='ocrx_word' id='word_1_9' title='bbox 1347 1463 1458 1555; x_wconf 72' lang='lat' dir='ltr'><em>repere</em></span> <span class='ocrx_word' id='word_1_10' title='bbox 1478 1468 1681 1556; x_wconf 69' lang='lat' dir='ltr'><em>duplorum</em></span> 
     </span>
     <span class='ocr_line' id='line_1_3' title="bbox 898 1572 1531 1663; baseline 0.002 -25"><span class='ocrx_word' id='word_1_11' title='bbox 898 1572 1141 1654; x_wconf 67' lang='lat' dir='ltr'><em>sollicitarunt,</em></span> <span class='ocrx_word' id='word_1_12' title='bbox 1166 1580 1207 1641; x_wconf 87' lang='lat' dir='ltr'><em>ut</em></span> <span class='ocrx_word' id='word_1_13' title='bbox 1233 1572 1478 1659; x_wconf 70' lang='lat' dir='ltr'><em>transfretaret.</em></span> <span class='ocrx_word' id='word_1_14' title='bbox 1529 1660 1531 1663; x_wconf 16' lang='grc' dir='ltr'>Ι</span> 
     </span>
    </p>
   </div>
   <div class='ocr_carea' id='block_1_3' title="bbox 497 1719 1885 2632">
    <p class='ocr_par' dir='ltr' id='par_1_3' title="bbox 497 1719 1885 2117">
     <span class='ocr_line' id='line_1_4' title="bbox 497 1719 1885 1807; baseline -0.007 -19"><span class='ocrx_word' id='word_1_15' title='bbox 497 1727 653 1779; x_wconf 76' lang='lat' dir='ltr'><strong>A·D·122⁹·</strong></span> <span class='ocrx_word' id='word_1_16' title='bbox 711 1722 810 1786; x_wconf 89' lang='lat' dir='ltr'><em>Anno</em></span> <span class='ocrx_word' id='word_1_17' title='bbox 827 1722 963 1786; x_wconf 86' lang='lat' dir='ltr'><strong>Domini</strong></span> <span class='ocrx_word' id='word_1_18' title='bbox 978 1736 1215 1800; x_wconf 81' lang='lat' dir='ltr'><em>ur0.cc⁰.xxrx⁰.,</em></span> <span class='ocrx_word' id='word_1_19' title='bbox 1232 1722 1290 1807; x_wconf 90' lang='lat' dir='ltr'><em>qui</em></span> <span class='ocrx_word' id='word_1_20' title='bbox 1311 1727 1362 1788; x_wconf 88' lang='lat' dir='ltr'><em>est</em></span> <span class='ocrx_word' id='word_1_21' title='bbox 1383 1743 1491 1787; x_wconf 79' lang='lat' dir='ltr'><em>annus</em></span> <span class='ocrx_word' id='word_1_22' title='bbox 1511 1720 1605 1807; x_wconf 84' lang='lat' dir='ltr'><em>regni</em></span> <span class='ocrx_word' id='word_1_23' title='bbox 1627 1719 1714 1805; x_wconf 84' lang='lat' dir='ltr'><em>regis</em></span> <span class='ocrx_word' id='word_1_24' title='bbox 1727 1766 1733 1780; x_wconf 95' lang='lat'>.</span> <span class='ocrx_word' id='word_1_25' title='bbox 1745 1728 1885 1781; x_wconf 55' lang='lat' dir='ltr'><em>swerd.</em></span> 
     </span>
     <span class='ocr_line' id='line_1_5' title="bbox 497 1796 1869 1934; baseline 0 -48"><span class='ocrx_word' id='word_1_26' title='bbox 497 1819 588 1934; x_wconf 56' lang='lat' dir='ltr'><em>{tenry</em></span> <span class='ocrx_word' id='word_1_27' title='bbox 668 1823 806 1889; x_wconf 87' lang='lat' dir='ltr'><em>Honrici</em></span> <span class='ocrx_word' id='word_1_28' title='bbox 821 1824 887 1889; x_wconf 94' lang='lat' dir='ltr'>III.</span> <span class='ocrx_word' id='word_1_29' title='bbox 904 1830 1041 1910; x_wconf 88' lang='lat' dir='ltr'><em>quartus</em></span> <span class='ocrx_word' id='word_1_30' title='bbox 1055 1826 1208 1902; x_wconf 89' lang='lat' dir='ltr'><em>decimus,</em></span> <span class='ocrx_word' id='word_1_31' title='bbox 1222 1822 1331 1890; x_wconf 88' lang='lat' dir='ltr'><em>idem¹</em></span> <span class='ocrx_word' id='word_1_32' title='bbox 1347 1845 1408 1890; x_wconf 83' lang='lat' dir='ltr'><em>rex</em></span> <span class='ocrx_word' id='word_1_33' title='bbox 1422 1824 1606 1911; x_wconf 85' lang='lat' dir='ltr'><em>Anglorum</em></span> <span class='ocrx_word' id='word_1_34' title='bbox 1622 1822 1734 1888; x_wconf 88' lang='lat' dir='ltr'><em>Hen-.</em></span> <span class='ocrx_word' id='word_1_35' title='bbox 1762 1796 1797 1847; x_wconf 76' lang='lat' dir='ltr'><em>iv.</em></span> <span class='ocrx_word' id='word_1_36' title='bbox 1811 1797 1869 1846; x_wconf 68' lang='lat'><em>¹⁷⁹*</em></span> 
     </span>
     <span class='ocr_line' id='line_1_6' title="bbox 499 1902 1715 2012; baseline -0.002 -20"><span class='ocrx_word' id='word_1_37' title='bbox 499 1902 639 2003; x_wconf 52' lang='lat' dir='ltr'><em>offirma,</em></span> <span class='ocrx_word' id='word_1_38' title='bbox 667 1928 753 1991; x_wconf 89' lang='lat' dir='ltr'><em>ricus</em></span> <span class='ocrx_word' id='word_1_39' title='bbox 786 1927 829 1991; x_wconf 86' lang='lat' dir='ltr'><em>ad</em></span> <span class='ocrx_word' id='word_1_40' title='bbox 863 1926 984 1993; x_wconf 89' lang='lat' dir='ltr'><em>Natale</em></span> <span class='ocrx_word' id='word_1_41' title='bbox 1018 1927 1156 1992; x_wconf 88' lang='lat' dir='ltr'><strong>Domini</strong></span> <span class='ocrx_word' id='word_1_42' title='bbox 1193 1928 1305 1993; x_wconf 88' lang='lat' dir='ltr'><em>tenuit</em></span> <span class='ocrx_word' id='word_1_43' title='bbox 1341 1927 1466 1992; x_wconf 89' lang='lat' dir='ltr'><em>curiam</em></span> <span class='ocrx_word' id='word_1_44' title='bbox 1502 1948 1595 1992; x_wconf 89' lang='lat' dir='ltr'><em>suam</em></span> <span class='ocrx_word' id='word_1_45' title='bbox 1627 1924 1715 2012; x_wconf 86' lang='lat' dir='ltr'><em>apud</em></span> 
     </span>
     <span class='ocr_line' id='line_1_7' title="bbox 499 2018 1736 2117; baseline -0.005 -20"><span class='ocrx_word' id='word_1_46' title='bbox 499 2018 643 2070; x_wconf 66' lang='lat' dir='ltr'><strong>⁸²⁰¹f0‘d·</strong></span> <span class='ocrx_word' id='word_1_47' title='bbox 668 2029 842 2108; x_wconf 86' lang='lat' dir='ltr'><em>Oxoniam,</em></span> <span class='ocrx_word' id='word_1_48' title='bbox 865 2029 1082 2116; x_wconf 65' lang='lat' dir='ltr'><em>presentibus</em></span> <span class='ocrx_word' id='word_1_49' title='bbox 1104 2031 1316 2117; x_wconf 67' lang='lat' dir='ltr'><em>magnatibus</em></span> <span class='ocrx_word' id='word_1_50' title='bbox 1339 2030 1433 2117; x_wconf 85' lang='lat' dir='ltr'><em>regni</em></span> <span class='ocrx_word' id='word_1_51' title='bbox 1457 2028 1736 2115; x_wconf 86' lang='lat' dir='ltr'><em>quamplurimis.-</em></span> 
     </span>
    </p>

    <p class='ocr_par' dir='ltr' id='par_1_4' title="bbox 501 2131 1716 2219">
     <span class='ocr_line' id='line_1_8' title="bbox 501 2131 1716 2219; baseline -0.006 -17"><span class='ocrx_word' id='word_1_52' title='bbox 501 2137 558 2215; x_wconf 47' lang='lat' dir='ltr'><em>,Thfi</em></span> <span class='ocrx_word' id='word_1_53' title='bbox 569 2138 633 2216; x_wconf 54' lang='lat' dir='ltr'><em>tine</em></span> <span class='ocrx_word' id='word_1_54' title='bbox 668 2131 739 2198; x_wconf 90' lang='lat' dir='ltr'><em>Ubi</em></span> <span class='ocrx_word' id='word_1_55' title='bbox 754 2131 847 2197; x_wconf 89' lang='lat' dir='ltr'><em>venit</em></span> <span class='ocrx_word' id='word_1_56' title='bbox 864 2133 907 2196; x_wconf 87' lang='lat' dir='ltr'><em>ad</em></span> <span class='ocrx_word' id='word_1_57' title='bbox 922 2132 1030 2218; x_wconf 89' lang='lat' dir='ltr'><em>ipsum</em></span> <span class='ocrx_word' id='word_1_58' title='bbox 1045 2132 1307 2219; x_wconf 83' lang='lat' dir='ltr'><em>archiepiscopus</em></span> <span class='ocrx_word' id='word_1_59' title='bbox 1322 2132 1583 2219; x_wconf 80' lang='lat' dir='ltr'><em>Burdogalensis‚</em></span> <span class='ocrx_word' id='word_1_60' title='bbox 1598 2131 1716 2196; x_wconf 88' lang='lat' dir='ltr'><em>missus</em></span> 
     </span>
    </p>

    <p class='ocr_par' dir='ltr' id='par_1_5' title="bbox 500 2206 1842 2528">
     <span class='ocr_line' id='line_1_9' title="bbox 501 2206 1842 2334; baseline -0.003 -33"><span class='ocrx_word' id='word_1_61' title='bbox 501 2206 633 2334; x_wconf 57' lang='lat' dir='ltr'><em>pyrpppeu</em></span> <span class='ocrx_word' id='word_1_62' title='bbox 668 2257 689 2299; x_wconf 90' lang='lat' dir='ltr'><em>a</em></span> <span class='ocrx_word' id='word_1_63' title='bbox 710 2233 919 2321; x_wconf 85' lang='lat' dir='ltr'><em>magnatibus</em></span> <span class='ocrx_word' id='word_1_64' title='bbox 943 2234 1134 2315; x_wconf 86' lang='lat' dir='ltr'><em>Wasooniae,</em></span> <span class='ocrx_word' id='word_1_65' title='bbox 1158 2234 1384 2320; x_wconf 85' lang='lat' dir='ltr'><em>Aquitanniee,</em></span> <span class='ocrx_word' id='word_1_66' title='bbox 1407 2243 1441 2299; x_wconf 87' lang='lat' dir='ltr'><em>ct</em></span> <span class='ocrx_word' id='word_1_67' title='bbox 1467 2227 1635 2312; x_wconf 80' lang='lat' dir='ltr'><em>Picta&#39;viae,</em></span> <span class='ocrx_word' id='word_1_68' title='bbox 1659 2234 1717 2320; x_wconf 91' lang='lat' dir='ltr'><em>qui</em></span> <span class='ocrx_word' id='word_1_69' title='bbox 1841 2252 1842 2255; x_wconf 71' lang='grc'>’</span> 
     </span>
     <span class='ocr_line' id='line_1_10' title="bbox 502 2337 1716 2451; baseline -0.001 -48"><span class='ocrx_word' id='word_1_70' title='bbox 502 2337 633 2451; x_wconf 66' lang='lat' dir='ltr'><em>ppblesof</em></span> <span class='ocrx_word' id='word_1_71' title='bbox 669 2360 690 2401; x_wconf 87' lang='lat' dir='ltr'><em>a</em></span> <span class='ocrx_word' id='word_1_72' title='bbox 712 2359 788 2423; x_wconf 86' lang='lat' dir='ltr'><em>rege</em></span> <span class='ocrx_word' id='word_1_73' title='bbox 810 2359 884 2403; x_wconf 90' lang='lat' dir='ltr'><em>cum</em></span> <span class='ocrx_word' id='word_1_74' title='bbox 906 2337 1030 2403; x_wconf 92' lang='lat' dir='ltr'><em>honore</em></span> <span class='ocrx_word' id='word_1_75' title='bbox 1056 2344 1236 2425; x_wconf 72' lang='lat' dir='ltr'><em>susceptae,</em></span> <span class='ocrx_word' id='word_1_76' title='bbox 1260 2338 1329 2403; x_wconf 90' lang='lat' dir='ltr'><em>dies</em></span> <span class='ocrx_word' id='word_1_77' title='bbox 1351 2360 1427 2403; x_wconf 91' lang='lat' dir='ltr'><em>cum</em></span> <span class='ocrx_word' id='word_1_78' title='bbox 1452 2337 1511 2402; x_wconf 89' lang='lat' dir='ltr'><em>illo</em></span> <span class='ocrx_word' id='word_1_79' title='bbox 1533 2337 1716 2402; x_wconf 88' lang='lat' dir='ltr'><em>Natalicios</em></span> 
     </span>
     <span class='ocr_line' id='line_1_11' title="bbox 500 2404 1718 2528; baseline -0.004 -16"><span class='ocrx_word' id='word_1_80' title='bbox 500 2404 650 2521; x_wconf 44' lang='lat' dir='ltr'><em>adfigi?</em></span> <span class='ocrx_word' id='word_1_81' title='bbox 669 2442 853 2509; x_wconf 84' lang='lat' dir='ltr'><em>celebravit</em></span> <span class='ocrx_word' id='word_1_82' title='bbox 910 2442 1081 2509; x_wconf 78' lang='lat' dir='ltr'><em>Venerunt</em></span> <span class='ocrx_word' id='word_1_83' title='bbox 1103 2443 1205 2510; x_wconf 85' lang='lat' dir='ltr'><em>etiam</em></span> <span class='ocrx_word' id='word_1_84' title='bbox 1235 2448 1270 2508; x_wconf 90' lang='lat' dir='ltr'><em>et</em></span> <span class='ocrx_word' id='word_1_85' title='bbox 1299 2444 1357 2508; x_wconf 86' lang='lat' dir='ltr'><em>alii</em></span> <span class='ocrx_word' id='word_1_86' title='bbox 1383 2443 1497 2509; x_wconf 91' lang='lat' dir='ltr'><em>nuncii</em></span> <span class='ocrx_word' id='word_1_87' title='bbox 1523 2442 1718 2528; x_wconf 79' lang='lat' dir='ltr'><em>sollempnes</em></span> 
     </span>
    </p>

    <p class='ocr_par' dir='ltr' id='par_1_6' title="bbox 501 2543 1717 2632">
     <span class='ocr_line' id='line_1_12' title="bbox 501 2543 1717 2632; baseline 0.001 -23"><span class='ocrx_word' id='word_1_88' title='bbox 501 2543 528 2585; x_wconf 71' lang='lat'><em>¹⁰</em></span> <span class='ocrx_word' id='word_1_89' title='bbox 545 2552 616 2587; x_wconf 76' lang='lat'>⁰⁰¹¹¹⁰</span> <span class='ocrx_word' id='word_1_90' title='bbox 670 2544 710 2611; x_wconf 93' lang='lat' dir='ltr'><em>de</em></span> <span class='ocrx_word' id='word_1_91' title='bbox 733 2545 949 2624; x_wconf 85' lang='lat' dir='ltr'><em>Normannia,</em></span> <span class='ocrx_word' id='word_1_92' title='bbox 973 2568 1112 2632; x_wconf 88' lang='lat' dir='ltr'><em>quorum</em></span> <span class='ocrx_word' id='word_1_93' title='bbox 1137 2547 1284 2612; x_wconf 88' lang='lat' dir='ltr'><em>omnium</em></span> <span class='ocrx_word' id='word_1_94' title='bbox 1307 2568 1413 2612; x_wconf 90' lang='lat' dir='ltr'><em>unum</em></span> <span class='ocrx_word' id='word_1_95' title='bbox 1439 2550 1510 2611; x_wconf 89' lang='lat' dir='ltr'><em>erat</em></span> <span class='ocrx_word' id='word_1_96' title='bbox 1539 2546 1717 2631; x_wconf 85' lang='lat' dir='ltr'><em>negotium,</em></span> 
     </span>
    </p>
   </div>
   <div class='ocr_carea' id='block_1_4' title="bbox 499 2610 1717 2736">
    <p class='ocr_par' dir='ltr' id='par_1_7' title="bbox 499 2610 1717 2736">
     <span class='ocr_line' id='line_1_13' title="bbox 499 2610 1717 2736; baseline -0.001 -22"><span class='ocrx_word' id='word_1_97' title='bbox 499 2610 604 2722; x_wconf 58' lang='lat' dir='ltr'><em>ffiw</em></span> <span class='ocrx_word' id='word_1_98' title='bbox 669 2652 709 2712; x_wconf 92' lang='lat' dir='ltr'><em>ut</em></span> <span class='ocrx_word' id='word_1_99' title='bbox 724 2647 878 2714; x_wconf 89' lang='lat' dir='ltr'><em>videlicet</em></span> <span class='ocrx_word' id='word_1_100' title='bbox 900 2669 942 2712; x_wconf 88' lang='lat' dir='ltr'><em>ex</em></span> <span class='ocrx_word' id='word_1_101' title='bbox 965 2655 1059 2735; x_wconf 88' lang='lat' dir='ltr'><em>parte</em></span> <span class='ocrx_word' id='word_1_102' title='bbox 1081 2655 1277 2736; x_wconf 81' lang='lat' dir='ltr'><em>magnatum</em></span> <span class='ocrx_word' id='word_1_103' title='bbox 1291 2650 1462 2736; x_wconf 82' lang='lat' dir='ltr'><em>regionum</em></span> <span class='ocrx_word' id='word_1_104' title='bbox 1485 2648 1717 2735; x_wconf 84' lang='lat' dir='ltr'><em>praedictarum</em></span> 
     </span>
    </p>
   </div>
   <div class='ocr_carea' id='block_1_5' title="bbox 560 2749 1735 3663">
    <p class='ocr_par' dir='ltr' id='par_1_8' title="bbox 560 2749 1735 3663">
     <span class='ocr_line' id='line_1_14' title="bbox 668 2749 1717 2839; baseline 0.001 -24"><span class='ocrx_word' id='word_1_105' title='bbox 668 2772 779 2838; x_wconf 86' lang='lat' dir='ltr'><em>regem</em></span> <span class='ocrx_word' id='word_1_106' title='bbox 813 2749 958 2816; x_wconf 85' lang='lat' dir='ltr'><em>studiose</em></span> <span class='ocrx_word' id='word_1_107' title='bbox 988 2751 1211 2829; x_wconf 82' lang='lat' dir='ltr'><em>sollicitarent,</em></span> <span class='ocrx_word' id='word_1_108' title='bbox 1243 2752 1400 2837; x_wconf 82' lang='lat' dir='ltr'><em>quatinus</em></span> <span class='ocrx_word' id='word_1_109' title='bbox 1430 2750 1473 2815; x_wconf 91' lang='lat' dir='ltr'><em>ad</em></span> <span class='ocrx_word' id='word_1_110' title='bbox 1505 2756 1616 2839; x_wconf 87' lang='lat' dir='ltr'><em>partes</em></span> <span class='ocrx_word' id='word_1_111' title='bbox 1644 2750 1717 2816; x_wconf 85' lang='lat' dir='ltr'><em>illas</em></span> 
     </span>
     <span class='ocr_line' id='line_1_15' title="bbox 667 2834 1715 2940; baseline 0.001 -24"><span class='ocrx_word' id='word_1_112' title='bbox 667 2853 781 2918; x_wconf 87' lang='lat' dir='ltr'><em>venire</em></span> <span class='ocrx_word' id='word_1_113' title='bbox 804 2834 839 2915; x_wconf 82' lang='lat' dir='ltr'><em>ih</em></span> <span class='ocrx_word' id='word_1_114' title='bbox 861 2853 993 2939; x_wconf 90' lang='lat' dir='ltr'><em>propria</em></span> <span class='ocrx_word' id='word_1_115' title='bbox 1015 2875 1154 2940; x_wconf 88' lang='lat' dir='ltr'><em>persona</em></span> <span class='ocrx_word' id='word_1_116' title='bbox 1176 2852 1392 2939; x_wconf 86' lang='lat' dir='ltr'><em>dignaretur;</em></span> <span class='ocrx_word' id='word_1_117' title='bbox 1423 2853 1663 2919; x_wconf 84' lang='lat' dir='ltr'><em>denunciantes</em></span> <span class='ocrx_word' id='word_1_118' title='bbox 1685 2853 1715 2917; x_wconf 90' lang='lat' dir='ltr'><em>ei</em></span> 
     </span>
     <span class='ocr_line' id='line_1_16' title="bbox 667 2954 1716 3042; baseline 0.002 -23"><span class='ocrx_word' id='word_1_119' title='bbox 667 2954 905 3031; x_wconf 80' lang='lat' dir='ltr'><em>indubitanter,</em></span> <span class='ocrx_word' id='word_1_120' title='bbox 927 2956 1016 3042; x_wconf 92' lang='lat' dir='ltr'><em>quod</em></span> <span class='ocrx_word' id='word_1_121' title='bbox 1030 2956 1178 3021; x_wconf 84' lang='lat' dir='ltr'><em>universi</em></span> <span class='ocrx_word' id='word_1_122' title='bbox 1197 2957 1241 3022; x_wconf 87' lang='lat' dir='ltr'><em>ad</em></span> <span class='ocrx_word' id='word_1_123' title='bbox 1262 2978 1337 3021; x_wconf 90' lang='lat' dir='ltr'><em>eum</em></span> <span class='ocrx_word' id='word_1_124' title='bbox 1359 2977 1433 3021; x_wconf 87' lang='lat' dir='ltr'><em>oum</em></span> <span class='ocrx_word' id='word_1_125' title='bbox 1449 2956 1542 3041; x_wconf 91' lang='lat' dir='ltr'><em>equis</em></span> <span class='ocrx_word' id='word_1_126' title='bbox 1564 2955 1716 3021; x_wconf 90' lang='lat' dir='ltr'><em>venirent</em></span> 
     </span>
     <span class='ocr_line' id='line_1_17' title="bbox 668 3057 1716 3145; baseline 0.001 -25"><span class='ocrx_word' id='word_1_127' title='bbox 668 3061 702 3120; x_wconf 91' lang='lat' dir='ltr'><em>et</em></span> <span class='ocrx_word' id='word_1_128' title='bbox 724 3058 823 3121; x_wconf 88' lang='lat' dir='ltr'><em>armis</em></span> <span class='ocrx_word' id='word_1_129' title='bbox 845 3062 879 3122; x_wconf 87' lang='lat' dir='ltr'><em>et</em></span> <span class='ocrx_word' id='word_1_130' title='bbox 901 3057 1022 3143; x_wconf 92' lang='lat' dir='ltr'><em>populo</em></span> <span class='ocrx_word' id='word_1_131' title='bbox 1044 3064 1117 3123; x_wconf 91' lang='lat' dir='ltr'><em>toto</em></span> <span class='ocrx_word' id='word_1_132' title='bbox 1139 3058 1291 3145; x_wconf 67' lang='lat' dir='ltr'><em>regionis</em></span> <span class='ocrx_word' id='word_1_133' title='bbox 1307 3063 1407 3144; x_wconf 90' lang='lat' dir='ltr'><em>atque</em></span> <span class='ocrx_word' id='word_1_134' title='bbox 1428 3080 1503 3122; x_wconf 89' lang='lat' dir='ltr'><em>curn</em></span> <span class='ocrx_word' id='word_1_135' title='bbox 1521 3057 1578 3122; x_wconf 89' lang='lat' dir='ltr'><em>illo</em></span> <span class='ocrx_word' id='word_1_136' title='bbox 1599 3058 1716 3121; x_wconf 90' lang='lat' dir='ltr'><em>immu-</em></span> 
     </span>
     <span class='ocr_line' id='line_1_18' title="bbox 667 3158 1735 3247; baseline 0 -22"><span class='ocrx_word' id='word_1_137' title='bbox 667 3158 817 3225; x_wconf 84' lang='lat' dir='ltr'><em>tabiliter</em></span> <span class='ocrx_word' id='word_1_138' title='bbox 838 3164 966 3225; x_wconf 89' lang='lat' dir='ltr'><em>starent</em></span> <span class='ocrx_word' id='word_1_139' title='bbox 989 3182 1093 3246; x_wconf 89' lang='lat' dir='ltr'><em>usque</em></span> <span class='ocrx_word' id='word_1_140' title='bbox 1115 3160 1159 3225; x_wconf 88' lang='lat' dir='ltr'><em>ad</em></span> <span class='ocrx_word' id='word_1_141' title='bbox 1181 3160 1328 3247; x_wconf 88' lang='lat' dir='ltr'><em>capitum</em></span> <span class='ocrx_word' id='word_1_142' title='bbox 1351 3159 1579 3247; x_wconf 82' lang='lat' dir='ltr'><em>expositiones,</em></span> <span class='ocrx_word' id='word_1_143' title='bbox 1603 3163 1644 3225; x_wconf 90' lang='lat' dir='ltr'><em>ut</em></span> <span class='ocrx_word' id='word_1_144' title='bbox 1665 3181 1735 3234; x_wconf 82' lang='lat' dir='ltr'><em>re-‚</em></span> 
     </span>
     <span class='ocr_line' id='line_1_19' title="bbox 666 3262 1734 3350; baseline 0.001 -23"><span class='ocrx_word' id='word_1_145' title='bbox 666 3285 783 3328; x_wconf 87' lang='lat' dir='ltr'><em>vocare</em></span> <span class='ocrx_word' id='word_1_146' title='bbox 804 3262 945 3350; x_wconf 88' lang='lat' dir='ltr'><em>possetj</em></span> <span class='ocrx_word' id='word_1_147' title='bbox 1030 3285 1090 3328; x_wconf 89' lang='lat' dir='ltr'><em>sua</em></span> <span class='ocrx_word' id='word_1_148' title='bbox 1111 3265 1233 3329; x_wconf 89' lang='lat' dir='ltr'><em>amissa</em></span> <span class='ocrx_word' id='word_1_149' title='bbox 1255 3270 1289 3329; x_wconf 88' lang='lat' dir='ltr'><em>et</em></span> <span class='ocrx_word' id='word_1_150' title='bbox 1311 3264 1511 3329; x_wconf 88' lang='lat' dir='ltr'><em>hereditates</em></span> <span class='ocrx_word' id='word_1_151' title='bbox 1534 3263 1734 3349; x_wconf 72' lang='lat' dir='ltr'><em>dissipatis..</em></span> 
     </span>
     <span class='ocr_line' id='line_1_20' title="bbox 665 3364 1734 3452; baseline 0.002 -24"><span class='ocrx_word' id='word_1_152' title='bbox 665 3364 847 3452; x_wconf 81' lang='lat' dir='ltr'><em>Indignum</em></span> <span class='ocrx_word' id='word_1_153' title='bbox 874 3365 1007 3451; x_wconf 91' lang='lat' dir='ltr'><em>quidem</em></span> <span class='ocrx_word' id='word_1_154' title='bbox 1040 3366 1120 3452; x_wconf 86' lang='lat' dir='ltr'><em>ipsis</em></span> <span class='ocrx_word' id='word_1_155' title='bbox 1154 3364 1339 3447; x_wconf 88' lang='lat' dir='ltr'><em>videbatur,</em></span> <span class='ocrx_word' id='word_1_156' title='bbox 1363 3365 1446 3431; x_wconf 90' lang='lat' dir='ltr'><em>oolla</em></span> <span class='ocrx_word' id='word_1_157' title='bbox 1476 3387 1536 3430; x_wconf 91' lang='lat' dir='ltr'><em>sua</em></span> <span class='ocrx_word' id='word_1_158' title='bbox 1561 3366 1734 3440; x_wconf 81' lang='lat' dir='ltr'><em>muliebri,</em></span> 
     </span>
     <span class='ocr_line' id='line_1_21' title="bbox 666 3467 1734 3555; baseline 0.002 -24"><span class='ocrx_word' id='word_1_159' title='bbox 666 3467 812 3532; x_wconf 88' lang='lat' dir='ltr'><em>dominio</em></span> <span class='ocrx_word' id='word_1_160' title='bbox 843 3467 1059 3555; x_wconf 90' lang='lat' dir='ltr'><em>supposuisse,</em></span> <span class='ocrx_word' id='word_1_161' title='bbox 1082 3475 1117 3534; x_wconf 90' lang='lat' dir='ltr'><em>ct</em></span> <span class='ocrx_word' id='word_1_162' title='bbox 1151 3468 1294 3535; x_wconf 75' lang='lat' dir='ltr'><em>dominae</em></span> <span class='ocrx_word' id='word_1_163' title='bbox 1326 3468 1502 3547; x_wconf 86' lang='lat' dir='ltr'><em>Blanchiae,</em></span> <span class='ocrx_word' id='word_1_164' title='bbox 1527 3490 1601 3554; x_wconf 73' lang='lat' dir='ltr'><em>queo</em></span> <span class='ocrx_word' id='word_1_165' title='bbox 1626 3468 1734 3554; x_wconf 81' lang='lat' dir='ltr'><em>ipsos,</em></span> 
     </span>
     <span class='ocr_line' id='line_1_22' title="bbox 560 3571 1470 3663; baseline 0.003 -28"><span class='ocrx_word' id='word_1_166' title='bbox 560 3651 566 3663; x_wconf 37' lang='lat'><strong>·</strong></span> <span class='ocrx_word' id='word_1_167' title='bbox 665 3592 757 3636; x_wconf 89' lang='lat' dir='ltr'><em>secus</em></span> <span class='ocrx_word' id='word_1_168' title='bbox 779 3593 878 3658; x_wconf 84' lang='lat' dir='ltr'><em>quam</em></span> <span class='ocrx_word' id='word_1_169' title='bbox 900 3571 1030 3638; x_wconf 87' lang='lat' dir='ltr'><em>deceret</em></span> <span class='ocrx_word' id='word_1_170' title='bbox 1052 3573 1280 3659; x_wconf 84' lang='lat' dir='ltr'><em>pertractavit,</em></span> <span class='ocrx_word' id='word_1_171' title='bbox 1303 3572 1470 3639; x_wconf 89' lang='lat' dir='ltr'><em>inclinare.</em></span> 
     </span>
    </p>
   </div>
   <div class='ocr_carea' id='block_1_6' title="bbox 855 3850 1527 3941">
    <p class='ocr_par' dir='ltr' id='par_1_9' title="bbox 855 3850 1527 3941">
     <span class='ocr_line' id='line_1_23' title="bbox 855 3850 1527 3941; baseline -0.003 -22"><span class='ocrx_word' id='word_1_172' title='bbox 855 3850 1091 3921; x_wconf 85' lang='lat' dir='ltr'><em>Pusillauirac</em></span> <span class='ocrx_word' id='word_1_173' title='bbox 1113 3850 1303 3921; x_wconf 86' lang='lat' dir='ltr'><em>cousiliuru</em></span> <span class='ocrx_word' id='word_1_174' title='bbox 1320 3850 1527 3941; x_wconf 76' lang='lat' dir='ltr'><em>justiciarii.</em></span> 
     </span>
    </p>
   </div>
   <div class='ocr_carea' id='block_1_7' title="bbox 499 4007 1888 4124">
    <p class='ocr_par' dir='ltr' id='par_1_10' title="bbox 499 4007 1888 4124">
     <span class='ocr_line' id='line_1_24' title="bbox 499 4007 1888 4124; baseline 0.001 -54"><span class='ocrx_word' id='word_1_175' title='bbox 499 4017 641 4072; x_wconf 71' lang='lat' dir='ltr'><em>Hrrbertue</em></span> <span class='ocrx_word' id='word_1_176' title='bbox 712 4010 785 4076; x_wconf 85' lang='lat' dir='ltr'><em>Rex</em></span> <span class='ocrx_word' id='word_1_177' title='bbox 806 4016 928 4090; x_wconf 88' lang='lat' dir='ltr'><em>autem,</em></span> <span class='ocrx_word' id='word_1_178' title='bbox 944 4011 1001 4097; x_wconf 93' lang='lat' dir='ltr'><em>qui</em></span> <span class='ocrx_word' id='word_1_179' title='bbox 1016 4012 1122 4078; x_wconf 85' lang='lat' dir='ltr'><em>adhuc</em></span> <span class='ocrx_word' id='word_1_180' title='bbox 1144 4013 1248 4078; x_wconf 91' lang='lat' dir='ltr'><em>nimia</em></span> <span class='ocrx_word' id='word_1_181' title='bbox 1269 4019 1340 4079; x_wconf 87' lang='lat' dir='ltr'><em>erat</em></span> <span class='ocrx_word' id='word_1_182' title='bbox 1363 4009 1490 4079; x_wconf 78' lang='lat' dir='ltr'><em>cereus²</em></span> <span class='ocrx_word' id='word_1_183' title='bbox 1505 4007 1716 4124; x_wconf 56' lang='lat' dir='ltr'><em>simplicitate</em></span> <span class='ocrx_word' id='word_1_184' title='bbox 1725 4019 1888 4084; x_wconf 57' lang='lat' dir='ltr'><em>norwend</em></span> 
     </span>
    </p>
   </div>
   <div class='ocr_carea' id='block_1_8' title="bbox 498 4087 1860 4152">
    <p class='ocr_par' dir='ltr' id='par_1_11' title="bbox 498 4087 1860 4152">
     <span class='ocr_line' id='line_1_25' title="bbox 498 4087 1860 4152; baseline 0.002 -16"><span class='ocrx_word' id='word_1_185' title='bbox 498 4087 587 4152; x_wconf 80' lang='lat' dir='ltr'><em>Burgh</em></span> <span class='ocrx_word' id='word_1_186' title='bbox 596 4089 641 4139; x_wconf 76' lang='lat' dir='ltr'><em>sd·</em></span> <span class='ocrx_word' id='word_1_187' title='bbox 1754 4087 1789 4137; x_wconf 87' lang='lat' dir='ltr'><em>iv.</em></span> <span class='ocrx_word' id='word_1_188' title='bbox 1804 4089 1860 4139; x_wconf 80' lang='lat'><strong>179.</strong></span> 
     </span>
    </p>
   </div>
   <div class='ocr_carea' id='block_1_9' title="bbox 498 4114 1826 4718">
    <p class='ocr_par' dir='ltr' id='par_1_12' title="bbox 498 4114 1826 4718">
     <span class='ocr_line' id='line_1_26' title="bbox 499 4114 1741 4205; baseline -0.002 -27"><span class='ocrx_word' id='word_1_189' title='bbox 499 4154 566 4204; x_wconf 74' lang='lat' dir='ltr'><em>vises</em></span> <span class='ocrx_word' id='word_1_190' title='bbox 578 4153 631 4205; x_wconf 83' lang='lat' dir='ltr'><em>him</em></span> <span class='ocrx_word' id='word_1_191' title='bbox 668 4119 702 4179; x_wconf 88' lang='lat' dir='ltr'><em>et</em></span> <span class='ocrx_word' id='word_1_192' title='bbox 724 4120 818 4180; x_wconf 84' lang='lat' dir='ltr'><em>tener</em></span> <span class='ocrx_word' id='word_1_193' title='bbox 839 4118 948 4194; x_wconf 85' lang='lat' dir='ltr'><em>aetate,</em></span> <span class='ocrx_word' id='word_1_194' title='bbox 971 4136 992 4179; x_wconf 93' lang='lat' dir='ltr'><em>a</em></span> <span class='ocrx_word' id='word_1_195' title='bbox 1008 4115 1195 4200; x_wconf 88' lang='lat' dir='ltr'><em>justiciario</em></span> <span class='ocrx_word' id='word_1_196' title='bbox 1217 4137 1277 4181; x_wconf 92' lang='lat' dir='ltr'><em>suo</em></span> <span class='ocrx_word' id='word_1_197' title='bbox 1300 4114 1496 4203; x_wconf 88' lang='lat' dir='ltr'><em>H[uherto],</em></span> <span class='ocrx_word' id='word_1_198' title='bbox 1520 4134 1618 4199; x_wconf 87' lang='lat' dir='ltr'><em>quem</em></span> <span class='ocrx_word' id='word_1_199' title='bbox 1641 4131 1714 4175; x_wconf 91' lang='lat' dir='ltr'><em>unr-</em></span> <span class='ocrx_word' id='word_1_200' title='bbox 1727 4152 1741 4177; x_wconf 88' lang='lat'><em>.·</em></span> 
     </span>
     <span class='ocr_line' id='line_1_27' title="bbox 498 4215 1826 4304; baseline -0.005 -20"><span class='ocrx_word' id='word_1_201' title='bbox 498 4227 740 4287; x_wconf 63' lang='lat' dir='ltr'><em>wrwtrorecum</em></span> <span class='ocrx_word' id='word_1_202' title='bbox 763 4217 884 4282; x_wconf 88' lang='lat' dir='ltr'><em>habuit</em></span> <span class='ocrx_word' id='word_1_203' title='bbox 906 4218 1102 4304; x_wconf 86' lang='lat' dir='ltr'><em>magistrum</em></span> <span class='ocrx_word' id='word_1_204' title='bbox 1125 4223 1161 4284; x_wconf 90' lang='lat' dir='ltr'><em>et</em></span> <span class='ocrx_word' id='word_1_205' title='bbox 1182 4218 1415 4297; x_wconf 87' lang='lat' dir='ltr'><em>consiliarium,</em></span> <span class='ocrx_word' id='word_1_206' title='bbox 1439 4215 1612 4297; x_wconf 80' lang='lat' dir='ltr'><em>consilium</em></span> <span class='ocrx_word' id='word_1_207' title='bbox 1627 4234 1743 4299; x_wconf 74' lang='lat' dir='ltr'><em>quae·</em></span> <span class='ocrx_word' id='word_1_208' title='bbox 1822 4261 1826 4267; x_wconf 77' lang='lat'><strong>·</strong></span> 
     </span>
     <span class='ocr_line' id='line_1_28' title="bbox 498 4287 1714 4409; baseline -0.003 -25"><span class='ocrx_word' id='word_1_209' title='bbox 498 4287 647 4342; x_wconf 50' lang='lat' dir='ltr'><em>mmm·</em></span> <span class='ocrx_word' id='word_1_210' title='bbox 666 4341 748 4398; x_wconf 89' lang='lat' dir='ltr'><em>rens,</em></span> <span class='ocrx_word' id='word_1_211' title='bbox 782 4320 868 4384; x_wconf 92' lang='lat' dir='ltr'><em>nihil</em></span> <span class='ocrx_word' id='word_1_212' title='bbox 899 4320 991 4385; x_wconf 88' lang='lat' dir='ltr'><em>aliud</em></span> <span class='ocrx_word' id='word_1_213' title='bbox 1024 4322 1157 4407; x_wconf 76' lang='lat' dir='ltr'><em>accepit,</em></span> <span class='ocrx_word' id='word_1_214' title='bbox 1190 4323 1257 4387; x_wconf 90' lang='lat' dir='ltr'><em>nisi</em></span> <span class='ocrx_word' id='word_1_215' title='bbox 1289 4326 1328 4387; x_wconf 91' lang='lat' dir='ltr'><em>ut</em></span> <span class='ocrx_word' id='word_1_216' title='bbox 1357 4322 1528 4409; x_wconf 87' lang='lat' dir='ltr'><em>negotium</em></span> <span class='ocrx_word' id='word_1_217' title='bbox 1558 4317 1714 4394; x_wconf 88' lang='lat' dir='ltr'><em>differret,</em></span> 
     </span>
     <span class='ocr_line' id='line_1_29' title="bbox 650 4421 1735 4504; baseline -0.009 -11"><span class='ocrx_word' id='word_1_218' title='bbox 650 4423 769 4493; x_wconf 78' lang='lat' dir='ltr'><em>‚donec</em></span> <span class='ocrx_word' id='word_1_219' title='bbox 798 4422 925 4487; x_wconf 89' lang='lat' dir='ltr'><em>firmius</em></span> <span class='ocrx_word' id='word_1_220' title='bbox 947 4422 1183 4489; x_wconf 86' lang='lat' dir='ltr'><em>certificaretur</em></span> <span class='ocrx_word' id='word_1_221' title='bbox 1213 4429 1248 4489; x_wconf 90' lang='lat' dir='ltr'><em>et</em></span> <span class='ocrx_word' id='word_1_222' title='bbox 1275 4423 1357 4491; x_wconf 83' lang='lat' dir='ltr'><em>horu</em></span> <span class='ocrx_word' id='word_1_223' title='bbox 1378 4424 1515 4504; x_wconf 84' lang='lat' dir='ltr'><em>,felicior</em></span> <span class='ocrx_word' id='word_1_224' title='bbox 1545 4421 1735 4487; x_wconf 81' lang='lat' dir='ltr'><em>arrideret..</em></span> 
     </span>
     <span class='ocr_line' id='line_1_30' title="bbox 664 4521 1731 4616; baseline -0.002 -27"><span class='ocrx_word' id='word_1_225' title='bbox 664 4523 788 4590; x_wconf 90' lang='lat' dir='ltr'><em>Nuncii</em></span> <span class='ocrx_word' id='word_1_226' title='bbox 809 4547 898 4605; x_wconf 89' lang='lat' dir='ltr'><em>vero,</em></span> <span class='ocrx_word' id='word_1_227' title='bbox 921 4524 1014 4591; x_wconf 86' lang='lat' dir='ltr'><em>aliud</em></span> <span class='ocrx_word' id='word_1_228' title='bbox 1039 4547 1107 4591; x_wconf 93' lang='lat' dir='ltr'><em>non</em></span> <span class='ocrx_word' id='word_1_229' title='bbox 1122 4525 1289 4594; x_wconf 56' lang='lat' dir='ltr'><em>‘hahentes</em></span> <span class='ocrx_word' id='word_1_230' title='bbox 1310 4528 1348 4593; x_wconf 92' lang='lat' dir='ltr'><em>in</em></span> <span class='ocrx_word' id='word_1_231' title='bbox 1369 4527 1541 4616; x_wconf 88' lang='lat' dir='ltr'><em>responsis,</em></span> <span class='ocrx_word' id='word_1_232' title='bbox 1564 4521 1731 4590; x_wconf 87' lang='lat' dir='ltr'><em>dolentes.</em></span> 
     </span>
     <span class='ocr_line' id='line_1_31' title="bbox 664 4626 1581 4718; baseline 0.004 -26"><span class='ocrx_word' id='word_1_233' title='bbox 664 4631 699 4692; x_wconf 93' lang='lat' dir='ltr'><em>et</em></span> <span class='ocrx_word' id='word_1_234' title='bbox 720 4626 815 4694; x_wconf 78' lang='lat' dir='ltr'><em>sine³</em></span> <span class='ocrx_word' id='word_1_235' title='bbox 837 4649 894 4716; x_wconf 88' lang='lat' dir='ltr'><em>spe</em></span> <span class='ocrx_word' id='word_1_236' title='bbox 916 4628 1143 4715; x_wconf 86' lang='lat' dir='ltr'><em>respirationis</em></span> <span class='ocrx_word' id='word_1_237' title='bbox 1165 4627 1209 4695; x_wconf 88' lang='lat' dir='ltr'><em>ad</em></span> <span class='ocrx_word' id='word_1_238' title='bbox 1230 4631 1363 4718; x_wconf 87' lang='lat' dir='ltr'><em>propria</em></span> <span class='ocrx_word' id='word_1_239' title='bbox 1385 4633 1581 4698; x_wconf 84' lang='lat' dir='ltr'><em>remearunt</em></span> 
     </span>
    </p>
   </div>
   <div class='ocr_carea' id='block_1_10' title="bbox 695 4900 1703 5046">
    <p class='ocr_par' dir='ltr' id='par_1_13' title="bbox 695 4900 1703 5046">
     <span class='ocr_line' id='line_1_32' title="bbox 698 4900 1703 4980; baseline 0.003 -29"><span class='ocrx_word' id='word_1_240' title='bbox 698 4902 704 4931; x_wconf 91' lang='lat'><strong>¹</strong></span> <span class='ocrx_word' id='word_1_241' title='bbox 717 4903 761 4980; x_wconf 64' lang='lat' dir='ltr'><em>oui</em></span> <span class='ocrx_word' id='word_1_242' title='bbox 771 4937 779 4952; x_wconf 87' lang='lat'><strong>.</strong></span> <span class='ocrx_word' id='word_1_243' title='bbox 791 4938 798 4951; x_wconf 91' lang='lat'><strong>.</strong></span> <span class='ocrx_word' id='word_1_244' title='bbox 811 4939 818 4952; x_wconf 88' lang='lat'>.</span> <span class='ocrx_word' id='word_1_245' title='bbox 831 4900 906 4965; x_wconf 85' lang='lat' dir='ltr'><em>idem]</em></span> <span class='ocrx_word' id='word_1_246' title='bbox 925 4901 1017 4951; x_wconf 83' lang='lat' dir='ltr'><em>Added</em></span> <span class='ocrx_word' id='word_1_247' title='bbox 1028 4901 1056 4950; x_wconf 92' lang='lat' dir='ltr'><em>iu</em></span> <span class='ocrx_word' id='word_1_248' title='bbox 1067 4915 1148 4966; x_wconf 80' lang='lat' dir='ltr'><em>marg.</em></span> <span class='ocrx_word' id='word_1_249' title='bbox 1244 4903 1254 4934; x_wconf 84' lang='lat'>⁸</span> <span class='ocrx_word' id='word_1_250' title='bbox 1265 4901 1369 4954; x_wconf 61' lang='lat' dir='ltr'><em>uinus</em></span> <span class='ocrx_word' id='word_1_251' title='bbox 1380 4910 1403 4954; x_wconf 84' lang='lat' dir='ltr'><em>et</em></span> <span class='ocrx_word' id='word_1_252' title='bbox 1413 4902 1479 4971; x_wconf 83' lang='lat' dir='ltr'><em>siue]</em></span> <span class='ocrx_word' id='word_1_253' title='bbox 1499 4903 1541 4957; x_wconf 90' lang='lat' dir='ltr'><em>On</em></span> <span class='ocrx_word' id='word_1_254' title='bbox 1551 4919 1584 4955; x_wconf 88' lang='lat' dir='ltr'><em>an</em></span> <span class='ocrx_word' id='word_1_255' title='bbox 1595 4917 1703 4956; x_wconf 77' lang='lat' dir='ltr'><em>erasure.</em></span> 
     </span>
     <span class='ocr_line' id='line_1_33' title="bbox 695 4978 1153 5046; baseline 0.004 -16"><span class='ocrx_word' id='word_1_256' title='bbox 695 4981 812 5046; x_wconf 68' lang='grc' dir='ltr'><strong><em>ἐσαιε]</em></strong></span> <span class='ocrx_word' id='word_1_257' title='bbox 832 4981 864 5042; x_wconf 83' lang='lat' dir='ltr'><em>In</em></span> <span class='ocrx_word' id='word_1_258' title='bbox 876 4981 918 5033; x_wconf 88' lang='lat' dir='ltr'><em>W.</em></span> <span class='ocrx_word' id='word_1_259' title='bbox 927 4981 958 5032; x_wconf 92' lang='grc' dir='ltr'><em>Β.</em></span> <span class='ocrx_word' id='word_1_260' title='bbox 967 4979 1004 5040; x_wconf 71' lang='lat' dir='ltr'><em>C„</em></span> <span class='ocrx_word' id='word_1_261' title='bbox 1012 4978 1153 5046; x_wconf 76' lang='lat' dir='ltr'><em>perplexus.</em></span> 
     </span>
    </p>
   </div>
   <div class='ocr_carea' id='block_1_11' title="bbox 0 0 2264 6421">
    <p class='ocr_par' dir='ltr' id='par_1_14' title="bbox 0 0 2264 6421">
     <span class='ocr_line' id='line_1_34' title="bbox 0 0 2264 6421; baseline 0 0"><span class='ocrx_word' id='word_1_262' title='bbox 0 0 2264 6421; x_wconf 95' lang='lat' dir='ltr'><em> </em></span> 
     </span>
    </p>
   </div>
  </div>
 </body>
</html>
