4517 6425
738 1195 786 1245 or
808 1193 966 1247 rmrroec
988 1198 1090 1247 arms
1111 1196 1265 1266 emmor,
1289 1201 1356 1251 vrz.
1380 1200 1502 1252 rmrrr
1576 1190 1640 1253 489

594 1376 714 1458 praeter
746 1393 894 1438 rumores
925 1379 1131 1453 memoratos,
1156 1374 1287 1441 audivit
1316 1375 1468 1442 dominus
1502 1399 1562 1443 rex
1591 1388 1809 1443 re-A.D.1244.

593 1479 704 1540 centes
726 1480 761 1540 et
783 1475 959 1554 inauditos,
985 1477 1082 1563 quod,
1098 1477 1262 1559 videlicet,
1278 1502 1338 1545 rex
1361 1480 1482 1546 Seociae
1506 1480 1640 1546 domino
1653 1470 1810 1591 §hgcffid

592 1578 663 1663 regi
696 1578 828 1664 Angliae
865 1578 1068 1665 significavit
1104 1581 1291 1667 procaciter,
1327 1588 1514 1669 protestans
1553 1583 1642 1670 quod
1653 1605 1803 1669 significato

592 1680 718 1744 nullam
742 1681 939 1767 particulam
961 1682 1056 1769 regni
1079 1683 1203 1750 Scociae
1225 1707 1245 1749 a
1266 1707 1343 1772 rege
1365 1686 1496 1773 Angliae
1520 1687 1640 1764 tenuit,
1653 1671 1812 1794 {⁹33³ssth

592 1782 647 1849 vel
680 1789 791 1849 tenere
824 1783 933 1849 voluit
964 1791 1024 1849 aut
1059 1784 1183 1851 debuit.
1237 1787 1317 1853 Erat
1349 1795 1461 1853 autem
1495 1789 1642 1854 amicitia
1653 1813 1711 1869 part
1722 1808 1753 1856 of

592 1886 681 1952 inter
713 1889 800 1975 ipsos
834 1909 926 1973 reges
958 1888 1059 1953 nimis
1090 1892 1275 1968 attenuata,
1307 1896 1482 1978 postquam
1517 1874 1777 1993 seilicetffffilffd

591 1990 834 2055 confoederatus
864 1992 974 2055 fuerat
1006 1997 1210 2057 memoratus
1230 2014 1290 2057 rex
1324 1992 1447 2060 Scociae
1469 1995 1641 2068 matrimo-

590 2093 725 2158 nialiter
763 2116 835 2159 cum
875 2094 1018 2171 Francia
1056 2095 1113 2180 qui
1152 2100 1239 2172 sunt,
1278 2100 1318 2160 ut
1353 2098 1450 2162 novit
1488 2098 1639 2176 manduc,

591 2196 746 2282 capitales
768 2195 895 2260 inimici
917 2196 1044 2261 domini
1067 2198 1155 2284 regis
1177 2197 1317 2286 Angliae.
1359 2199 1520 2287 Cogitans
1534 2202 1640 2288 igitur

590 2297 743 2363 dominus
757 2320 817 2363 rex
839 2299 900 2363 has
915 2299 979 2363 sibi
1002 2299 1111 2364 illatae
1133 2300 1272 2386 injurias
1294 2300 1460 2388 repellere,
1476 2302 1640 2370 animavit

589 2401 743 2467 alacriter
780 2406 814 2466 ct
852 2400 984 2486 adjuvit
1019 2406 1176 2489 potenter
1213 2404 1309 2489 ipsos,
1343 2404 1401 2489 qui
1437 2404 1637 2470 Walensium

589 2505 733 2589 impetus
760 2504 999 2569 sustinuerunt.
1039 2504 1120 2570 Post
1142 2511 1324 2571 tractatum
1346 2527 1425 2571 vero
1454 2507 1741 2594 diligentis-Hem

589 2604 731 2685 cimam,l
749 2606 830 2694 quid
853 2607 894 2672 de
917 2608 1051 2694 negotio
1071 2616 1188 2673 contra
1202 2629 1313 2696 regem
1329 2608 1450 2676 Soociae
1473 2611 1638 2696 agendum
1650 2585 1786 2706 ffiffldtss

590 2711 702 2776 sanius
717 2710 810 2788 foret,
827 2732 885 2776 rex
900 2711 1127 2798 episcopatum
1143 2711 1380 2778 Oicestrenoem
1403 2712 1441 2776 in
1461 2735 1565 2777 manu
1580 2735 1640 2779 eoa
1651 2718 1694 2797 epe
1704 2720 1806 2787 bishop

589 2814 686 2901 cepit,
709 2835 778 2878 non
800 2814 998 2899 permittens
1020 2836 1148 2879 novum
1170 2814 1310 2880 electum
1340 2816 1486 2902 aliquam
1516 2787 1805 2908 haberessssjgfifflm·

589 2917 625 2980 in
648 2917 763 2983 eodem
786 2922 993 3004 potestatem.
1041 2918 1094 2995 Et,
1117 2921 1158 2982 ut
1188 2940 1296 3005 regem
1323 2918 1445 2985 Scociae
1467 2921 1639 3007 potentiue
1651 2932 1771 2985 Herum-
1864 2971 1868 2980 .

588 3020 772 3106 impeteret,
787 3020 920 3086 vocavit
942 3020 977 3085 in
1000 3021 1052 3085 sui
1073 3020 1276 3107 adjutorium
1299 3023 1452 3087 comitem
1471 3021 1638 3091 Flandriae
1650 3016 1724 3051 ”¹⁰³⁸
1736 3002 1805 3055 'rho-

1649 3082 1713 3129 mae,
1724 3080 1801 3122 count

590 3122 760 3207 Thomam,
784 3126 842 3211 qui
865 3125 1033 3190 mandatis
1054 3124 1154 3211 regiis
1176 3125 1428 3214 obtemperavit
1649 3134 1815 3258 ffifflff’

589 3427 777 3497 Revocotur
791 3429 835 3496 ia
845 3451 928 3516 poce
949 3427 1195 3497 Wiotoaieacie
1209 3428 1386 3517 epiecopus
1408 3429 1634 3518 W[illelacae].

633 3618 824 3704 Eodemque
858 3623 1004 3704 tempore
1037 3617 1189 3682 dominus
1218 3639 1287 3696 rex,
1310 3616 1432 3683 saniori
1454 3641 1533 3684 usus
1556 3640 1631 3684 con·
1649 3621 1770 3687 william,

606 3718 637 3737 Η
735 3723 742 3736 ,
947 3721 954 3734 ,
1044 3720 1051 3735 ,
1307 3721 1314 3735 .
1570 3723 1576 3736 .
1606 3722 1612 3735 .
1648 3689 1780 3756 biehopof

588 3723 670 3803 silio,
692 3743 878 3809 episcopum
902 3721 1166 3786 Wmtomensem
1187 3743 1208 3784 a
1228 3721 1379 3808 partibus
1403 3726 1632 3786 transmarmrs
1647 3756 1781 3810 winchea

587 3825 806 3890 amicabiliter
828 3823 1008 3902 revocavit,
1038 3825 1182 3911 gratiam
1205 3845 1298 3888 suam
1321 3828 1356 3888 et
1377 3823 1563 3889 oblatorum
1586 3825 1776 3890 re-teoiflre·

586 3930 796 3995 stitutionem
813 3927 1020 4015 pollicendo,
1042 3926 1133 3991 undo
1156 3926 1326 4013 episcopus
1347 3927 1384 3991 in
1407 3950 1498 4014 opem
1513 3927 1634 3993 bonam
1648 3893 1736 3945 called.

585 4038 721 4113 erectus,
744 4031 891 4098 salutato
914 4052 990 4118 rege
1008 4028 1220 4106 Francorum,
1236 4030 1295 4117 qui
1317 4029 1348 4095 ei
1370 4030 1480 4095 sinum
1502 4033 1634 4119 aperuit

585 4134 746 4217 exulanti,
770 4134 813 4201 ad
845 4134 979 4223 propria
1010 4133 1182 4200 remeavit.
1228 4133 1354 4199 Eodem
1377 4138 1526 4222 tempore
1547 4137 1633 4201 nim-
1647 4135 1763 4213 Um!

585 4240 702 4305 borum
724 4237 960 4305 inundationes
975 4258 1034 4326 per
1056 4258 1162 4302 unum
1176 4257 1322 4302 mensem
1337 4238 1491 4304 continue
1505 4244 1634 4325 pontes,
1646 4205 1753 4324 {iffi

584 4564 696 4630 Anglioe,
716 4561 866 4614 Alexandro
886 4569 911 4612 et
929 4560 1083 4627 Margareta,
1131 4562 1303 4625 winchester,
1311 4564 1363 4613 and
1374 4562 1401 4612 in
1412 4563 1442 4612 B.
1449 4562 1478 4613 C.
1491 4563 1542 4625 (ed.
1552 4563 1632 4622 Wato,

584 4653 687 4709 uterque
704 4659 750 4694 rex
767 4643 795 4691 in
810 4657 873 4707 pace
885 4643 917 4692 ad
929 4641 1031 4707 propria
1046 4658 1084 4691 re·
1132 4658 1155 4706 p.
1168 4646 1229 4708 58³)
1244 4643 1266 4691 it
1276 4643 1298 4692 is
1308 4644 1412 4692 entered
1422 4642 1503 4691 under
1513 4641 1557 4692 the
1571 4658 1633 4707 year

584 4725 697 4784 meavit,
714 4724 758 4773 aed
778 4738 835 4772 cum
856 4721 938 4772 adhuc
958 4721 1028 4785 pueri
1045 4737 1083 4771 eo-
1134 4726 1206 4773 1242.
1240 4722 1267 4771 Λ
1290 4722 1387 4773 ehorter
1409 4729 1468 4771 note
1493 4722 1540 4772 hae
1569 4723 1632 4772 been

584 4813 647 4865 sent,
664 4806 775 4854 nondum
790 4804 890 4852 fucrant
906 4801 1001 4866 nuptie)
1018 4801 1083 4851 cele-
1131 4801 1229 4852 written
1247 4804 1282 4866 by
1294 4802 1337 4852 the
1354 4802 1408 4851 eide
1427 4802 1457 4851 of
1473 4801 1515 4851 the
1529 4802 1631 4863 former,

584 4889 660 4935 breue
667 4879 1083 4934 matrimoniumconrummetum.'’
1130 4883 1177 4931 but
1187 4898 1215 4933 eo
1227 4881 1305 4932 much
1316 4883 1404 4932 erased
1419 4897 1446 4932 m
1462 4888 1489 4932 to
1500 4883 1531 4932 bc
1548 4881 1632 4947 illegi-

584 4965 647 5014 This
663 4971 722 5014 note
733 4976 813 5014 reema
831 4970 876 5013 out
891 4961 921 5010 of
937 4962 1016 5026 place.
1050 4961 1082 5010 In
1133 4961 1179 5012 blc.

583 5045 626 5095 the
642 5052 698 5094 text
714 5045 744 5094 of
763 5043 792 5093 Ε.
810 5043 830 5092 it
846 5041 868 5092 ie
887 5041 999 5092 inserted
1016 5041 1082 5090 aster
1165 5039 1408 5108 ¹dilipeatim‘mam]
1435 5040 1630 5108 diligentiorum,

581 5125 625 5175 the
653 5123 799 5176 revocetion
825 5122 856 5172 os
882 5120 925 5173 the
946 5120 1037 5185 bishop
1057 5121 1087 5171 of
1130 5119 1187 5173 MS.
