4517 6425
757 1180 805 1231 nn
825 1180 985 1231 rmrona
1007 1180 1109 1232 sums
1132 1181 1289 1246 nnumcr,
1312 1182 1379 1232 vra.
1402 1182 1526 1232 rnarn.
1598 1166 1663 1231 463

616 1379 777 1445 equorum
807 1358 885 1445 ipse,
909 1361 945 1422 et
974 1357 1042 1422 xvi.
1064 1356 1145 1422 socii
1175 1356 1256 1442 ojus,
1282 1356 1326 1420 ad
1360 1356 1546 1443 patibulum
1577 1378 1663 1444 prae·
1677 1372 1744 1425 Ab.
1759 1377 1831 1424 1242.

616 1459 805 1546 cipitarium
827 1464 963 1540 tractus,
979 1481 1154 1546 suspensus
1177 1465 1233 1525 est
1280 1458 1408 1524 Deinde
1430 1459 1571 1524 cadaver
1593 1459 1663 1544 ejus

616 1564 651 1628 in
682 1563 771 1630 iiiior.
793 1568 904 1651 partes
935 1562 1098 1628 abscisum
1129 1570 1190 1643 est,
1216 1568 1252 1627 et
1283 1561 1455 1648 quodlibet
1486 1562 1529 1627 ad
1562 1583 1664 1627 unam

614 1666 836 1731 maximarum
881 1665 1057 1731 civitatum
1102 1663 1287 1731 membrum
1331 1664 1561 1731 transmissum
1606 1686 1664 1751 per

614 1767 782 1855 Angliam
806 1768 960 1833 miseram
992 1767 1201 1834 imbuentibus
1224 1766 1435 1833 formidinem
1469 1766 1608 1833 incussit
1629 1772 1664 1832 et
1761 1783 1763 1788 ·

614 1872 789 1938 honorem.

668 2151 740 2218 Rex
761 2150 979 2218 Francorum
1003 2172 1083 2217 curn
1105 2172 1168 2217 auo
1191 2148 1340 2217 coercito
1362 2151 1510 2217 occurrit
1533 2149 1606 2234 cepi

1032 2252 1239 2339 duplorum.

659 2416 841 2504 Divulgato
872 2421 985 2482 autem
1012 2439 1072 2504 per
1105 2416 1288 2496 Franciam,
1319 2416 1408 2505 quod
1438 2438 1498 2483 rex
1530 2418 1662 2506 Angliae
1676 2430 1807 2500 Theking

614 2520 779 2587 hostiliter
801 2543 876 2587 cum
898 2520 1046 2587 exercitu
1060 2517 1288 2587 Waaconiam¹
1305 2520 1386 2607 jam,
1402 2521 1445 2586 ad
1468 2521 1662 2588 mandatum
1674 2500 1811 2619 fflssff

593 2638 596 2642 ’
613 2623 742 2691 comitis
764 2624 805 2690 de
822 2624 980 2702 Marchia,
995 2647 1070 2692 cum
1093 2624 1303 2711 maximoque
1326 2624 1482 2690 thesauro
1497 2625 1662 2707 intrasset,
1675 2633 1830 2696 intorortou,

612 2750 712 2817 super
741 2729 830 2816 ipsos
856 2727 1002 2795 Francos
1028 2729 1109 2816 jura
1130 2750 1192 2794 sua
1223 2728 1259 2793 in
1290 2728 1491 2794 manuforti
1524 2702 1807 2820 requei-3233&

612 2837 717 2912 turus,
748 2852 817 2910 rex,
843 2832 1032 2899 convocatis
1066 2832 1216 2899 Franciae
1246 2831 1384 2913 viribus,
1408 2853 1523 2898 versus
1552 2832 1661 2898 Picta
1675 2836 1772 2887 carues.

612 2936 712 3015 viam,
750 2940 789 3000 ut
826 2935 957 3001 comitis
997 2934 1039 3001 de
1077 2935 1228 3002 Marchia
1264 2937 1351 3002 vires
1388 2935 1581 3023 reprimeret
1626 2941 1661 3001 et

610 3040 789 3118 audaciam,
811 3040 882 3105 lora
904 3038 1021 3127 dirigit
1042 3042 1077 3105 et
1098 3039 1231 3105 vexilla.
1270 3039 1369 3120 Quod
1391 3062 1467 3106 cum
1488 3038 1660 3105 audissent

611 3141 824 3211 Pictavenses
858 3147 893 3210 et
923 3142 1170 3225 Wasconcnses,
1193 3142 1339 3208 viriliter
1368 3164 1402 3208 se
1433 3147 1660 3232 praepararant

610 3247 653 3312 ad
689 3246 918 3314 resistendum
964 3245 1154 3333 Resignatis
1190 3246 1296 3334 igitur
1335 3247 1471 3334 treugis,
1508 3245 1659 3336 incepit²

610 3373 736 3438 guerra,
760 3354 795 3417 et
828 3372 888 3417 rex
910 3347 1112 3416 Francorum
1145 3349 1277 3417 obsedit
1310 3354 1345 3417 et
1375 3351 1413 3416 in
1443 3351 1538 3417 brevi
1571 3352 1659 3439 oepit

611 3454 707 3541 plura
729 3459 837 3520 castra
859 3453 996 3530 comitis,
1020 3453 1141 3540 quibus
1174 3453 1268 3519 nullo
1290 3452 1388 3519 modo
1418 3454 1531 3541 potuit
1553 3476 1659 3520 comcs

611 3578 808 3638 succurrere,
832 3557 962 3636 scilicet,
987 3557 1172 3622 Fruntenai
1204 3563 1239 3622 et
1270 3555 1427 3622 Vouvent
1442 3555 1473 3637 ;3
1505 3562 1540 3623 et
1571 3557 1659 3644 oepit

612 3659 700 3726 idem
722 3681 782 3724 rex
813 3660 959 3727 obsessos
992 3659 1124 3738 milites,
1149 3665 1182 3725 et
1215 3658 1400 3725 transmisit
1423 3659 1459 3724 in
1482 3659 1658 3725 Franciam

612 3763 866 3830 incarcerandos
913 3762 967 3840 Et,
980 3763 1052 3849 jam
1066 3766 1259 3851 prosperato
1274 3783 1371 3851 opera
1386 3762 1505 3828 Martis
1528 3762 1661 3840 initiali,

612 3870 757 3933 erectum
791 3872 842 3932 est
873 3888 928 3932 cor
960 3867 1047 3954 regis
1076 3864 1279 3932 Francorum
1310 3865 1347 3929 in
1378 3887 1491 3953 spem;
1524 3871 1558 3932 et
1587 3866 1659 3952 jam

611 3970 772 4058 poenituit
804 3968 959 4036 comitem
990 3968 1031 4033 de
1054 3967 1203 4033 Marcbia
1227 3973 1262 4034 et
1284 3966 1496 4034 Pictavenses
1518 3969 1560 4035 de
1590 3991 1659 4035 suae

610 4073 808 4141 temeritatis
829 4071 1094 4160 presumptione;
1116 4075 1215 4161 capta
1237 4072 1327 4137 enim
1349 4076 1445 4137 erant
1467 4077 1576 4138 costra
1589 4095 1658 4151 sua,

609 4176 790 4263 inquibus
820 4172 1017 4254 confidebat,
1041 4179 1076 4241 et
1101 4175 1236 4262 qnidam
1267 4174 1338 4262 ejus
1360 4176 1595 4266 consanguinei
1625 4182 1659 4243 et

609 4279 798 4346 familiares.
853 4277 1068 4345 Pictavenses
1100 4277 1207 4366 igitur
1243 4277 1369 4345 invasit
1406 4277 1547 4345 formido
1585 4259 1659 4346 c'um

609 4382 846 4472 desperatione.
892 4380 1011 4449 Comes
1043 4381 1149 4471 igitur
1182 4382 1223 4447 de
1246 4382 1394 4448 Marchia
1415 4403 1475 4471 per
1505 4384 1657 4450 comitem
1672 4409 1728 4462 Tne
1738 4419 1815 4464 comt

609 4483 802 4563 Britannias,
819 4483 885 4550 sibi
907 4484 1114 4565 familiarem,
1130 4484 1232 4572 coepit
1254 4490 1398 4552 tractare
1420 4485 1461 4552 de
1483 4509 1562 4574 pace
1583 4509 1657 4554 cum
1671 4478 1799 4598 fflg‘th

609 4609 685 4676 rege
708 4588 920 4670 Francorum,
935 4594 971 4654 et
993 4588 1085 4653 duris
1107 4587 1361 4667 conditionibus,
1375 4609 1443 4654 non
1466 4589 1538 4656 sine
1554 4590 1657 4656 Fran·
1671 4614 1818 4666 termasius

609 4712 721 4757 corum
755 4689 922 4757 derisoriis
959 4690 1284 4770 subsannationibus,
1316 4691 1450 4758 additus
1487 4698 1539 4758 est
1572 4695 1657 4783 regis
1671 4677 1733 4731 him.

660 4967 852 5032 'Waacoaiaofl
881 4967 913 5017 In
941 4968 984 5017 the
1011 4967 1110 5033 margin
1191 4970 1201 4999 ⁸
1223 4968 1344 5034 Verresne]
1370 4969 1500 5034 Moneant,
1521 4973 1586 5033 MS,
1606 4979 1656 5027 aud

609 5049 878 5100 Pataviumhaabeen
894 5047 1040 5099 atterwarda
1052 5048 1111 5098 aab·
1156 5047 1226 5099 roB.
1239 5048 1334 5110 C.‚but
1351 5054 1481 5103 corrected
1491 5051 1557 5103 nom
1577 5054 1656 5107 Guill.

609 5131 720 5182 stituted.
1092 5142 1095 5146 ’
1155 5128 1187 5177 de
1203 5126 1437 5194 ngnw‘aaa
1453 5132 1497 5183 des
1507 5132 1657 5188 Himdcle

641 5212 653 5240 ’
669 5207 771 5275 incepit]
790 5206 828 5260 At
839 5205 894 5257 first
900 5205 1000 5258 written
1013 5206 1108 5272 incipit.
1154 5207 1278 5271 Frauce,”
1289 5222 1335 5259 xx.
1346 5212 1404 5261 335.
