4517 6425
632 1156 699 1219 224
759 1170 924 1221 narrum
948 1170 1160 1220 rnnmrnnsrs
1183 1169 1346 1219 nrsronm
1369 1166 1568 1218 nusnoamr.

466 1455 533 1507 Ab.
548 1460 619 1508 1217.
632 1444 818 1512 Absolutus
839 1445 1059 1513 ladonaicas
1089 1452 1162 1512 tona
1184 1466 1207 1511 a
1229 1466 1333 1531 capno
1362 1443 1503 1530 Anplioe
1533 1464 1640 1530 qaam
1663 1464 1686 1507 a

722 1549 892 1616 sententia
931 1547 1305 1626 excommunicationis,
1351 1547 1434 1614 liber
1470 1546 1513 1614 ab
1550 1545 1661 1634 Anpl'

724 1651 856 1719 recedit.

465 1801 578 1852 Louisis
676 1796 754 1862 Hiis
776 1798 891 1884 itaque
920 1797 967 1863 sic
996 1798 1108 1885 gestis,
1133 1798 1327 1864 Lodowicus
1357 1798 1546 1864 Londonias
1575 1820 1683 1863 rever·
1696 1803 1854 1885 Ropwend.

465 1870 602 2000 ffileie,
632 1899 725 1982 titur,
749 1900 918 1965 absolutus
948 1899 991 1965 ab
1021 1901 1368 1967 excommunicationis
1397 1900 1565 1966 sententia
1585 1906 1620 1966 et
1641 1901 1704 1964 ab.
1732 1888 1759 1921 Ν
1779 1879 1820 1925 ³²·

465 2010 531 2065 gato,
542 2003 593 2052 and
631 2025 732 2089 regno
749 2003 889 2090 Angliae,
905 2008 1036 2068 servata
1051 2003 1194 2068 ecclesiae
1212 2003 1327 2083 forma,
1343 2003 1431 2069 datis
1453 2009 1571 2069 mutuo
1594 2025 1702 2069 oscu-·

465 2075 601 2186 ffiffii'
631 2105 680 2172 lis.
727 2106 811 2171 Inde
834 2128 854 2170 a
879 2106 1007 2171 civibus
1034 2105 1278 2170 Londoniarum
1310 2110 1428 2170 mutuo
1451 2105 1592 2194 acceptis
1617 2128 1685 2194 prae

466 2230 622 2279 Heborrows
631 2213 829 2294 paupertate
847 2208 992 2294 quinque
1016 2207 1150 2273 milibus
1171 2208 1333 2273 librarum
1348 2208 1608 2295 esterlingorum‚
1624 2208 1686 2272 sub

466 2311 587 2412 'fffihe
632 2311 797 2376 conductu
827 2311 940 2397 magni
975 2310 1161 2376 Marescalli
1193 2311 1237 2376 ad
1262 2333 1352 2376 mare
1379 2333 1454 2376 oum
1478 2311 1687 2377 festinatione

466 2430 580 2489 citizens,
631 2413 835 2501 perveniens,
856 2413 893 2477 in
916 2413 1060 2479 Galliam
1091 2411 1342 2479 transfretavit¹
1391 2413 1476 2479 Oum
1508 2419 1621 2479 autem
1651 2414 1703 2477 in.

466 2498 588 2612 ffisstff'
631 2517 712 2582 navi
733 2517 862 2581 sederet
885 2538 960 2581 cum
989 2515 1055 2582 sibi
1080 2515 1276 2603 specialibus
1301 2516 1519 2604 optimatibus
1543 2517 1706 2582 Franco--

465 2630 570 2681 Franco.
631 2641 715 2697 rum,
730 2618 885 2684 secretius
907 2619 994 2683 dixit
1016 2619 1073 2698 eis,
1092 2619 1202 2700 “Quis
1227 2618 1391 2684 revelavit
1406 2619 1556 2707 Anglicis
1581 2642 1708 2685 sacram

632 2727 783 2787 mentum
815 2725 964 2786 nostrum
995 2722 1036 2786 de
1069 2742 1116 2801 eo,
1152 2720 1241 2807 quod
1275 2721 1305 2786 si
1336 2722 1620 2808 triumpharemus
1649 2723 1705 2786 in·

633 2824 767 2911 Anglia,
792 2845 906 2889 omnes
929 2822 1085 2909 Anglicos
1108 2824 1380 2889 confunderemus
1407 2829 1441 2890 et
1473 2824 1705 2891 exheredatos·

467 2934 605 2985 neistold
633 2926 869 3014 expelleremus
880 2925 913 2989 ν’
960 2925 1005 2990 Et
1027 2948 1222 3013 responsum
1246 2926 1312 2991 fuit
1334 2926 1374 3006 ei,
1409 2928 1621 2993 “Vicecomes
1644 2927 1705 2992 de·

467 3003 549 3135 3ἓῖξὲ
635 3029 751 3094 Melun
773 3028 952 3093 moriturus
964 3054 973 3109 ;
998 3029 1087 3093 unde
1109 3050 1179 3093 non
1201 3034 1251 3095 est
1273 3029 1513 3111 admirandum,
1529 3031 1558 3095 si
1573 3052 1706 3096 omnes·

467 3136 610 3188 confession
633 3136 748 3219 postea
770 3130 909 3195 barones
932 3153 953 3194 a
974 3129 1071 3195 nobis
1101 3131 1301 3197 recesserint.
1348 3132 1468 3198 Merito
1499 3134 1569 3199 haec
1601 3133 1706 3222 pati--

467 3205 623 3322 bibilus
635 3257 718 3315 mur,
749 3239 881 3299 tantum
910 3234 1038 3299 facinus
1078 3235 1114 3299 in
1152 3235 1304 3301 cordibus
1341 3237 1464 3302 nostris
1497 3259 1558 3324 pro
1591 3236 1708 3303 bonis·

468 3339 605 3390 usmetun.
635 3359 747 3404 eorum
770 3337 865 3404 factis
887 3337 1040 3423 nequiter
1063 3338 1297 3404 reservantes.''

845 3619 917 3702 Qui
938 3620 1063 3707 excepti
1078 3617 1219 3706 sauciat
1245 3618 1287 3687 ab
1308 3618 1370 3686 boa
1387 3642 1479 3707 paca

470 3773 526 3824 The
537 3774 623 3840 aergy
680 3766 736 3832 Ab
768 3767 831 3833 hoc
852 3789 932 3833 vero
950 3767 1170 3833 absolutionis
1195 3774 1230 3834 et
1261 3769 1351 3855 pacis
1373 3769 1532 3835 beneficio
1555 3771 1686 3855 excepti
1698 3771 1857 3852 Raewffld·

468 3841 574 3957 {m
635 3867 770 3933 fuerunt
793 3869 944 3956 episcopi,
966 3869 1113 3948 abbates,
1138 3871 1271 3956 priores,
1287 3872 1436 3937 canonici
1459 3872 1627 3950 seculares,
1652 3878 1687 3937 et
1733 3845 1822 3891 ”³³²

469 3973 547 4022 nauis
559 3989 601 4023 are
635 3970 743 4035 clerici
765 3992 840 4035 oum
862 3972 909 4036 eis
930 3972 1037 4050 multi,
1060 3973 1119 4058 qui
1143 3972 1321 4040 Lodowico
1351 3996 1389 4040 aa
1415 3973 1592 4039 baronibus
1614 3996 1688 4039 oon-

469 4042 590 4158 }ffi'ffi}
635 4072 747 4138 silium
769 4079 830 4138 aut
851 4072 999 4140 favorem
1021 4075 1230 4154 videbantur,
1250 4076 1329 4142 licet
1352 4076 1462 4156 inviti,
1485 4075 1708 4163 praestitisse„

471 4188 554 4238 W·
636 4180 676 4241 ut
708 4174 953 4263 depauperandi
986 4176 1136 4244 faucibus
1168 4178 1272 4265 legati
1300 4178 1396 4266 quasi
1428 4179 1610 4245 devorandi
1632 4201 1710 4243 ex-.

637 4283 845 4364 ponerentur.
891 4278 1039 4344 Maxime
1061 4286 1174 4346 autem
1196 4287 1232 4347 et
1254 4280 1427 4368 specialius
1452 4282 1604 4368 magistri
1627 4281 1712 4366 Sy-.

638 4402 715 4446 mon
738 4381 779 4446 de
802 4381 999 4467 Langetuna
1021 4386 1056 4448 et
1079 4383 1258 4449 Gervasius
1280 4385 1321 4450 de
1342 4383 1535 4471 Hobrugge,
1559 4383 1617 4469 qui
1648 4384 1691 4449 ab

638 4482 791 4548 omnibus
827 4482 998 4550 beneficiis
1035 4485 1179 4572 spoliati,
1217 4486 1340 4551 curiam
1379 4485 1563 4551 Romanam
1600 4485 1692 4550 adire
1703 4462 1861 4581 soffia.

638 4591 718 4653 sunt
739 4586 906 4673 compulsi,
932 4585 1083 4675 papalem
1110 4588 1376 4667 misericordiam,
1401 4610 1475 4675 quae
1496 4609 1601 4676 parva
1622 4588 1691 4654 fue·
1704 4636 1710 4651 .
1723 4562 1861 4649 folfioia.

638 4695 701 4770 rat,
724 4690 903 4777 experturi.

940 4973 947 5001 ¹
961 4971 1145 5037 annosretavit]
1164 4971 1329 5032 manfretavit,
1341 4971 1397 5021 MS.
