<?xml version="1.0" encoding="UTF-8"?>
<!DOCTYPE html PUBLIC "-//W3C//DTD XHTML 1.0 Transitional//EN"
    "http://www.w3.org/TR/xhtml1/DTD/xhtml1-transitional.dtd">
<html xmlns="http://www.w3.org/1999/xhtml" xml:lang="en" lang="en">
 <head>
  <title>
</title>
<meta http-equiv="Content-Type" content="text/html;charset=utf-8" />
  <meta name='ocr-system' content='tesseract 3.04.00' />
  <meta name='ocr-capabilities' content='ocr_page ocr_carea ocr_par ocr_line ocrx_word'/>
</head>
<body>
  <div class='ocr_page' id='page_1' title='image "./matthiparisiens00parigoog/matthiparisiens00parigoog_0089.png"; bbox 0 0 4517 6425; ppageno 0'>
   <div class='ocr_carea' id='block_1_1' title="bbox 808 1193 1600 1266">
    <p class='ocr_par' dir='ltr' id='par_1_1' title="bbox 808 1193 1600 1266">
     <span class='ocr_line' id='line_1_1' title="bbox 808 1193 1600 1266; baseline 0.009 -7"><span class='ocrx_word' id='word_1_1' title='bbox 808 1208 856 1259; x_wconf 80' lang='lat' dir='ltr'>er</span> <span class='ocrx_word' id='word_1_2' title='bbox 878 1208 1036 1259; x_wconf 83' lang='lat' dir='ltr'>renronr</span> <span class='ocrx_word' id='word_1_3' title='bbox 1059 1208 1160 1259; x_wconf 79' lang='lat' dir='ltr'>neers</span> <span class='ocrx_word' id='word_1_4' title='bbox 1181 1208 1332 1260; x_wconf 69' lang='lat' dir='ltr'>arerem.</span> <span class='ocrx_word' id='word_1_5' title='bbox 1557 1193 1600 1266; x_wconf 78' lang='lat'>77</span> 
     </span>
    </p>
   </div>
   <div class='ocr_carea' id='block_1_2' title="bbox 546 1386 1768 2485">
    <p class='ocr_par' dir='ltr' id='par_1_2' title="bbox 548 1386 1768 1579">
     <span class='ocr_line' id='line_1_2' title="bbox 550 1386 1768 1476; baseline 0.002 -25"><span class='ocrx_word' id='word_1_6' title='bbox 550 1386 754 1474; x_wconf 79' lang='lat' dir='ltr'>assignavit;</span> <span class='ocrx_word' id='word_1_7' title='bbox 777 1386 1108 1473; x_wconf 81' lang='lat' dir='ltr'>Rothomagensibue,</span> <span class='ocrx_word' id='word_1_8' title='bbox 1129 1394 1264 1476; x_wconf 87' lang='lat' dir='ltr'>propter</span> <span class='ocrx_word' id='word_1_9' title='bbox 1286 1387 1596 1476; x_wconf 84' lang='lat' dir='ltr'>ineornparabilem¹</span> <span class='ocrx_word' id='word_1_10' title='bbox 1611 1386 1679 1439; x_wconf 78' lang='lat' dir='ltr'>Ap.</span> <span class='ocrx_word' id='word_1_11' title='bbox 1697 1394 1768 1439; x_wconf 80' lang='lat'>¹1⁹⁹·</span> 
     </span>
     <span class='ocr_line' id='line_1_3' title="bbox 548 1490 1598 1579; baseline 0.001 -23"><span class='ocrx_word' id='word_1_12' title='bbox 548 1490 754 1571; x_wconf 87' lang='lat' dir='ltr'>fidelitatem,</span> <span class='ocrx_word' id='word_1_13' title='bbox 776 1512 876 1578; x_wconf 89' lang='lat' dir='ltr'>quam</span> <span class='ocrx_word' id='word_1_14' title='bbox 899 1492 935 1555; x_wconf 93' lang='lat' dir='ltr'>in</span> <span class='ocrx_word' id='word_1_15' title='bbox 958 1491 1006 1557; x_wconf 85' lang='lat' dir='ltr'>eis</span> <span class='ocrx_word' id='word_1_16' title='bbox 1028 1498 1186 1578; x_wconf 79' lang='lat' dir='ltr'>expertus</span> <span class='ocrx_word' id='word_1_17' title='bbox 1200 1493 1318 1572; x_wconf 86' lang='lat' dir='ltr'>fuerat,</span> <span class='ocrx_word' id='word_1_18' title='bbox 1342 1514 1515 1558; x_wconf 75' lang='lat' dir='ltr'>corsuum</span> <span class='ocrx_word' id='word_1_19' title='bbox 1538 1514 1598 1579; x_wconf 89' lang='lat' dir='ltr'>pro</span> 
     </span>
    </p>

    <p class='ocr_par' dir='ltr' id='par_1_3' title="bbox 546 1593 1755 2093">
     <span class='ocr_line' id='line_1_4' title="bbox 547 1593 1606 1683; baseline -0.001 -24"><span class='ocrx_word' id='word_1_20' title='bbox 547 1594 665 1659; x_wconf 85' lang='lat' dir='ltr'>exenio</span> <span class='ocrx_word' id='word_1_21' title='bbox 680 1593 887 1674; x_wconf 80' lang='lat' dir='ltr'>transmisit3</span> <span class='ocrx_word' id='word_1_22' title='bbox 912 1593 1160 1659; x_wconf 84' lang='lat' dir='ltr'>Pieteveneibus</span> <span class='ocrx_word' id='word_1_23' title='bbox 1180 1617 1317 1682; x_wconf 89' lang='lat' dir='ltr'>quoque,</span> <span class='ocrx_word' id='word_1_24' title='bbox 1334 1602 1468 1683; x_wconf 88' lang='lat' dir='ltr'>propter</span> <span class='ocrx_word' id='word_1_25' title='bbox 1484 1601 1606 1661; x_wconf 69' lang='lat' dir='ltr'>notoni·</span> 
     </span>
     <span class='ocr_line' id='line_1_5' title="bbox 546 1696 1597 1785; baseline -0.001 -23"><span class='ocrx_word' id='word_1_26' title='bbox 546 1698 752 1785; x_wconf 76' lang='lat' dir='ltr'>proditionis,</span> <span class='ocrx_word' id='word_1_27' title='bbox 774 1700 918 1762; x_wconf 80' lang='lat' dir='ltr'>stercora</span> <span class='ocrx_word' id='word_1_28' title='bbox 941 1718 1001 1762; x_wconf 89' lang='lat' dir='ltr'>sua</span> <span class='ocrx_word' id='word_1_29' title='bbox 1023 1696 1209 1783; x_wconf 77' lang='lat' dir='ltr'>dereliquit,</span> <span class='ocrx_word' id='word_1_30' title='bbox 1232 1720 1314 1783; x_wconf 79' lang='lat' dir='ltr'>quos</span> <span class='ocrx_word' id='word_1_31' title='bbox 1347 1719 1416 1762; x_wconf 90' lang='lat' dir='ltr'>non</span> <span class='ocrx_word' id='word_1_32' title='bbox 1448 1697 1514 1762; x_wconf 88' lang='lat' dir='ltr'>alia</span> <span class='ocrx_word' id='word_1_33' title='bbox 1546 1697 1597 1762; x_wconf 89' lang='lat' dir='ltr'>sui</span> 
     </span>
     <span class='ocr_line' id='line_1_6' title="bbox 546 1798 1755 1889; baseline -0.002 -22"><span class='ocrx_word' id='word_1_34' title='bbox 546 1801 690 1889; x_wconf 85' lang='lat' dir='ltr'>eorporis</span> <span class='ocrx_word' id='word_1_35' title='bbox 713 1799 866 1887; x_wconf 72' lang='lat' dir='ltr'>portione</span> <span class='ocrx_word' id='word_1_36' title='bbox 889 1798 1007 1886; x_wconf 81' lang='lat' dir='ltr'>dignos</span> <span class='ocrx_word' id='word_1_37' title='bbox 1024 1799 1202 1884; x_wconf 89' lang='lat' dir='ltr'>judicavit.</span> <span class='ocrx_word' id='word_1_38' title='bbox 1249 1801 1303 1876; x_wconf 86' lang='lat' dir='ltr'>Et,</span> <span class='ocrx_word' id='word_1_39' title='bbox 1328 1800 1392 1865; x_wconf 87' lang='lat' dir='ltr'>hiis</span> <span class='ocrx_word' id='word_1_40' title='bbox 1415 1800 1523 1877; x_wconf 86' lang='lat' dir='ltr'>dietis,</span> <span class='ocrx_word' id='word_1_41' title='bbox 1548 1807 1598 1866; x_wconf 86' lang='lat' dir='ltr'>tu·</span> <span class='ocrx_word' id='word_1_42' title='bbox 1612 1807 1755 1858; x_wconf 73' lang='lat' dir='ltr'>llisdeath·</span> 
     </span>
     <span class='ocr_line' id='line_1_7' title="bbox 546 1902 1745 1990; baseline -0.005 -21"><span class='ocrx_word' id='word_1_43' title='bbox 546 1927 636 1971; x_wconf 88' lang='lat' dir='ltr'>more</span> <span class='ocrx_word' id='word_1_44' title='bbox 659 1903 703 1968; x_wconf 93' lang='lat' dir='ltr'>ad</span> <span class='ocrx_word' id='word_1_45' title='bbox 726 1924 781 1968; x_wconf 90' lang='lat' dir='ltr'>eor</span> <span class='ocrx_word' id='word_1_46' title='bbox 804 1902 875 1988; x_wconf 84' lang='lat' dir='ltr'>ejus</span> <span class='ocrx_word' id='word_1_47' title='bbox 897 1903 1010 1967; x_wconf 85' lang='lat' dir='ltr'>subito</span> <span class='ocrx_word' id='word_1_48' title='bbox 1034 1907 1241 1989; x_wconf 82' lang='lat' dir='ltr'>penetrante,</span> <span class='ocrx_word' id='word_1_49' title='bbox 1256 1902 1356 1968; x_wconf 68' lang='lat' dir='ltr'>viiio?</span> <span class='ocrx_word' id='word_1_50' title='bbox 1371 1903 1446 1968; x_wconf 80' lang='lat' dir='ltr'>idue</span> <span class='ocrx_word' id='word_1_51' title='bbox 1462 1904 1599 1990; x_wconf 82' lang='lat' dir='ltr'>Aprilie,</span> <span class='ocrx_word' id='word_1_52' title='bbox 1635 1913 1745 1977; x_wconf 76' lang='lat' dir='ltr'>eApnl.</span> 
     </span>
     <span class='ocr_line' id='line_1_8' title="bbox 547 2005 1600 2093; baseline -0.003 -20"><span class='ocrx_word' id='word_1_53' title='bbox 547 2010 601 2074; x_wconf 93' lang='lat' dir='ltr'>die</span> <span class='ocrx_word' id='word_1_54' title='bbox 624 2006 750 2083; x_wconf 85' lang='lat' dir='ltr'>Martis,</span> <span class='ocrx_word' id='word_1_55' title='bbox 777 2005 832 2070; x_wconf 90' lang='lat' dir='ltr'>vir</span> <span class='ocrx_word' id='word_1_56' title='bbox 861 2006 1003 2070; x_wconf 83' lang='lat' dir='ltr'>martius</span> <span class='ocrx_word' id='word_1_57' title='bbox 1025 2005 1115 2091; x_wconf 90' lang='lat' dir='ltr'>apud</span> <span class='ocrx_word' id='word_1_58' title='bbox 1139 2013 1283 2071; x_wconf 75' lang='lat' dir='ltr'>cestram</span> <span class='ocrx_word' id='word_1_59' title='bbox 1308 2006 1503 2093; x_wconf 85' lang='lat' dir='ltr'>praedictum</span> <span class='ocrx_word' id='word_1_60' title='bbox 1534 2007 1600 2093; x_wconf 78' lang='lat' dir='ltr'>epi-</span> 
     </span>
    </p>

    <p class='ocr_par' dir='ltr' id='par_1_4' title="bbox 547 2107 1601 2298">
     <span class='ocr_line' id='line_1_9' title="bbox 547 2107 1600 2195; baseline -0.001 -20"><span class='ocrx_word' id='word_1_61' title='bbox 547 2111 651 2175; x_wconf 88' lang='lat' dir='ltr'>ritum</span> <span class='ocrx_word' id='word_1_62' title='bbox 674 2107 869 2174; x_wconf 85' lang='lat' dir='ltr'>exhalavit.³</span> <span class='ocrx_word' id='word_1_63' title='bbox 915 2108 1074 2194; x_wconf 84' lang='lat' dir='ltr'>Sepultus</span> <span class='ocrx_word' id='word_1_64' title='bbox 1097 2114 1149 2173; x_wconf 89' lang='lat' dir='ltr'>est</span> <span class='ocrx_word' id='word_1_65' title='bbox 1174 2115 1287 2174; x_wconf 90' lang='lat' dir='ltr'>autem</span> <span class='ocrx_word' id='word_1_66' title='bbox 1318 2109 1408 2195; x_wconf 88' lang='lat' dir='ltr'>apud</span> <span class='ocrx_word' id='word_1_67' title='bbox 1444 2109 1600 2174; x_wconf 83' lang='lat' dir='ltr'>Fontem·</span> 
     </span>
     <span class='ocr_line' id='line_1_10' title="bbox 548 2210 1601 2298; baseline -0.002 -20"><span class='ocrx_word' id='word_1_68' title='bbox 548 2212 705 2289; x_wconf 86' lang='lat' dir='ltr'>Ebraudi,</span> <span class='ocrx_word' id='word_1_69' title='bbox 720 2212 807 2277; x_wconf 82' lang='lat' dir='ltr'>sieut</span> <span class='ocrx_word' id='word_1_70' title='bbox 828 2211 899 2298; x_wconf 87' lang='lat' dir='ltr'>ipse</span> <span class='ocrx_word' id='word_1_71' title='bbox 920 2210 1027 2276; x_wconf 91' lang='lat' dir='ltr'>adhue</span> <span class='ocrx_word' id='word_1_72' title='bbox 1041 2211 1158 2276; x_wconf 86' lang='lat' dir='ltr'>vivens</span> <span class='ocrx_word' id='word_1_73' title='bbox 1174 2212 1394 2277; x_wconf 77' lang='lat' dir='ltr'>ordinaverat.</span> <span class='ocrx_word' id='word_1_74' title='bbox 1441 2212 1492 2277; x_wconf 92' lang='lat' dir='ltr'>De</span> <span class='ocrx_word' id='word_1_75' title='bbox 1508 2213 1601 2297; x_wconf 77' lang='lat' dir='ltr'>eujus</span> 
     </span>
    </p>

    <p class='ocr_par' dir='ltr' id='par_1_5' title="bbox 548 2315 1600 2405">
     <span class='ocr_line' id='line_1_11' title="bbox 548 2315 1600 2405; baseline -0.002 -22"><span class='ocrx_word' id='word_1_76' title='bbox 548 2323 653 2383; x_wconf 89' lang='lat' dir='ltr'>morte</span> <span class='ocrx_word' id='word_1_77' title='bbox 685 2316 784 2381; x_wconf 88' lang='lat' dir='ltr'>simul</span> <span class='ocrx_word' id='word_1_78' title='bbox 817 2321 853 2381; x_wconf 91' lang='lat' dir='ltr'>et</span> <span class='ocrx_word' id='word_1_79' title='bbox 883 2315 1052 2404; x_wconf 85' lang='lat' dir='ltr'>sepultura</span> <span class='ocrx_word' id='word_1_80' title='bbox 1076 2315 1212 2401; x_wconf 88' lang='lat' dir='ltr'>quidam</span> <span class='ocrx_word' id='word_1_81' title='bbox 1244 2315 1471 2405; x_wconf 88' lang='lat' dir='ltr'>epitaphium⁴</span> <span class='ocrx_word' id='word_1_82' title='bbox 1495 2316 1600 2381; x_wconf 86' lang='lat' dir='ltr'>edidit</span> 
     </span>
    </p>

    <p class='ocr_par' dir='ltr' id='par_1_6' title="bbox 549 2420 878 2485">
     <span class='ocr_line' id='line_1_12' title="bbox 549 2420 878 2485; baseline -0.003 0"><span class='ocrx_word' id='word_1_83' title='bbox 549 2421 585 2485; x_wconf 89' lang='lat' dir='ltr'>in</span> <span class='ocrx_word' id='word_1_84' title='bbox 607 2421 695 2485; x_wconf 89' lang='lat' dir='ltr'>hune</span> <span class='ocrx_word' id='word_1_85' title='bbox 717 2420 878 2484; x_wconf 89' lang='lat' dir='ltr'>modum:</span> 
     </span>
    </p>
   </div>
   <div class='ocr_carea' id='block_1_3' title="bbox 566 2550 1736 2952">
    <p class='ocr_par' dir='ltr' id='par_1_7' title="bbox 566 2550 1736 2849">
     <span class='ocr_line' id='line_1_13' title="bbox 566 2550 1736 2666; baseline -0.006 -44"><span class='ocrx_word' id='word_1_86' title='bbox 566 2555 741 2622; x_wconf 83' lang='lat' dir='ltr'>“Pictavis</span> <span class='ocrx_word' id='word_1_87' title='bbox 764 2560 843 2621; x_wconf 85' lang='lat' dir='ltr'>exta</span> <span class='ocrx_word' id='word_1_88' title='bbox 865 2554 959 2620; x_wconf 85' lang='lat' dir='ltr'>ducis</span> <span class='ocrx_word' id='word_1_89' title='bbox 980 2555 1107 2643; x_wconf 87' lang='lat' dir='ltr'>sepelit,</span> <span class='ocrx_word' id='word_1_90' title='bbox 1130 2554 1293 2642; x_wconf 88' lang='lat' dir='ltr'>tellusque</span> <span class='ocrx_word' id='word_1_91' title='bbox 1317 2554 1457 2634; x_wconf 85' lang='lat' dir='ltr'>Calueis,</span> <span class='ocrx_word' id='word_1_92' title='bbox 1613 2550 1736 2666; x_wconf 46' lang='lat' dir='ltr'>Enipei&gt;hs</span> 
     </span>
     <span class='ocr_line' id='line_1_14' title="bbox 596 2634 1719 2746; baseline -0.004 -21"><span class='ocrx_word' id='word_1_93' title='bbox 596 2662 722 2746; x_wconf 80' lang='lat' dir='ltr'>Corpus</span> <span class='ocrx_word' id='word_1_94' title='bbox 745 2659 804 2724; x_wconf 90' lang='lat' dir='ltr'>dat</span> <span class='ocrx_word' id='word_1_95' title='bbox 826 2658 949 2737; x_wconf 86' lang='lat' dir='ltr'>claudi,</span> <span class='ocrx_word' id='word_1_96' title='bbox 965 2659 1026 2723; x_wconf 89' lang='lat' dir='ltr'>suh</span> <span class='ocrx_word' id='word_1_97' title='bbox 1050 2681 1212 2723; x_wconf 80' lang='lat' dir='ltr'>monnone</span> <span class='ocrx_word' id='word_1_98' title='bbox 1235 2658 1528 2738; x_wconf 85' lang='lat' dir='ltr'>Fontis-Ebraudi,</span> <span class='ocrx_word' id='word_1_99' title='bbox 1614 2634 1648 2668; x_wconf 72' lang='lat'>⁰⁰</span> <span class='ocrx_word' id='word_1_100' title='bbox 1678 2634 1719 2667; x_wconf 51' lang='grc' dir='ltr'>ω’</span> 
     </span>
     <span class='ocr_line' id='line_1_15' title="bbox 594 2760 1504 2849; baseline -0.004 -22"><span class='ocrx_word' id='word_1_101' title='bbox 594 2762 762 2843; x_wconf 81' lang='lat' dir='ltr'>Neustria,</span> <span class='ocrx_word' id='word_1_102' title='bbox 779 2766 882 2848; x_wconf 89' lang='lat' dir='ltr'>tuque</span> <span class='ocrx_word' id='word_1_103' title='bbox 898 2760 1009 2849; x_wconf 81' lang='lat' dir='ltr'>tegis⁶</span> <span class='ocrx_word' id='word_1_104' title='bbox 1032 2783 1087 2826; x_wconf 92' lang='lat' dir='ltr'>eor</span> <span class='ocrx_word' id='word_1_105' title='bbox 1110 2760 1371 2847; x_wconf 80' lang='lat' dir='ltr'>inexpugnabile</span> <span class='ocrx_word' id='word_1_106' title='bbox 1394 2761 1504 2848; x_wconf 78' lang='lat' dir='ltr'>regie;</span> 
     </span>
    </p>

    <p class='ocr_par' dir='ltr' id='par_1_8' title="bbox 594 2864 1388 2952">
     <span class='ocr_line' id='line_1_16' title="bbox 594 2864 1388 2952; baseline -0.003 -21"><span class='ocrx_word' id='word_1_107' title='bbox 594 2865 648 2931; x_wconf 85' lang='lat' dir='ltr'>Sie</span> <span class='ocrx_word' id='word_1_108' title='bbox 669 2864 741 2929; x_wconf 88' lang='lat' dir='ltr'>loca</span> <span class='ocrx_word' id='word_1_109' title='bbox 764 2886 822 2951; x_wconf 87' lang='lat' dir='ltr'>per</span> <span class='ocrx_word' id='word_1_110' title='bbox 844 2864 937 2929; x_wconf 91' lang='lat' dir='ltr'>trina</span> <span class='ocrx_word' id='word_1_111' title='bbox 959 2886 994 2929; x_wconf 88' lang='lat' dir='ltr'>se</span> <span class='ocrx_word' id='word_1_112' title='bbox 1016 2866 1140 2952; x_wconf 81' lang='lat' dir='ltr'>sparsit</span> <span class='ocrx_word' id='word_1_113' title='bbox 1163 2869 1259 2929; x_wconf 89' lang='lat' dir='ltr'>tanta</span> <span class='ocrx_word' id='word_1_114' title='bbox 1282 2865 1388 2944; x_wconf 80' lang='lat' dir='ltr'>ruine,</span> 
     </span>
    </p>
   </div>
   <div class='ocr_carea' id='block_1_4' title="bbox 595 2965 1479 3045">
    <p class='ocr_par' dir='ltr' id='par_1_9' title="bbox 595 2965 1479 3045">
     <span class='ocr_line' id='line_1_17' title="bbox 595 2965 1479 3045; baseline -0.005 -11"><span class='ocrx_word' id='word_1_115' title='bbox 595 2969 665 3034; x_wconf 86' lang='lat' dir='ltr'>Neo</span> <span class='ocrx_word' id='word_1_116' title='bbox 687 2968 753 3033; x_wconf 88' lang='lat' dir='ltr'>fuit</span> <span class='ocrx_word' id='word_1_117' title='bbox 776 2966 836 3032; x_wconf 88' lang='lat' dir='ltr'>hoe</span> <span class='ocrx_word' id='word_1_118' title='bbox 859 2967 966 3045; x_wconf 72' lang='lat' dir='ltr'>fenne,</span> <span class='ocrx_word' id='word_1_119' title='bbox 992 2968 1046 3033; x_wconf 86' lang='lat' dir='ltr'>eui</span> <span class='ocrx_word' id='word_1_120' title='bbox 1068 2966 1231 3033; x_wconf 78' lang='lat' dir='ltr'>sufficeret</span> <span class='ocrx_word' id='word_1_121' title='bbox 1253 2966 1344 3032; x_wconf 89' lang='lat' dir='ltr'>loeus</span> <span class='ocrx_word' id='word_1_122' title='bbox 1366 2965 1479 3032; x_wconf 84' lang='lat' dir='ltr'>unue.¹&#39;</span> 
     </span>
    </p>
   </div>
   <div class='ocr_carea' id='block_1_5' title="bbox 530 3114 1601 3204">
    <p class='ocr_par' dir='ltr' id='par_1_10' title="bbox 530 3114 1601 3204">
     <span class='ocr_line' id='line_1_18' title="bbox 530 3114 1601 3204; baseline -0.001 -23"><span class='ocrx_word' id='word_1_123' title='bbox 530 3160 541 3181; x_wconf 88' lang='lat'><strong>.</strong></span> <span class='ocrx_word' id='word_1_124' title='bbox 597 3116 694 3181; x_wconf 86' lang='lat' dir='ltr'>Alius</span> <span class='ocrx_word' id='word_1_125' title='bbox 725 3137 855 3203; x_wconf 88' lang='lat' dir='ltr'>quoqne</span> <span class='ocrx_word' id='word_1_126' title='bbox 889 3137 988 3204; x_wconf 85' lang='lat' dir='ltr'>super</span> <span class='ocrx_word' id='word_1_127' title='bbox 1008 3115 1071 3180; x_wconf 88' lang='lat' dir='ltr'>hoe</span> <span class='ocrx_word' id='word_1_128' title='bbox 1102 3116 1283 3202; x_wconf 79' lang='lat' dir='ltr'>dampnoso</span> <span class='ocrx_word' id='word_1_129' title='bbox 1306 3118 1341 3180; x_wconf 90' lang='lat' dir='ltr'>et</span> <span class='ocrx_word' id='word_1_130' title='bbox 1362 3114 1601 3181; x_wconf 77' lang='lat' dir='ltr'>irrestaurabili</span> 
     </span>
    </p>
   </div>
   <div class='ocr_carea' id='block_1_6' title="bbox 530 3223 1354 3312">
    <p class='ocr_par' dir='ltr' id='par_1_11' title="bbox 530 3223 1354 3312">
     <span class='ocr_line' id='line_1_19' title="bbox 530 3223 1354 3312; baseline 0.005 -28"><span class='ocrx_word' id='word_1_131' title='bbox 530 3224 666 3290; x_wconf 85' lang='lat' dir='ltr'>.lunere</span> <span class='ocrx_word' id='word_1_132' title='bbox 690 3225 737 3289; x_wconf 87' lang='lat' dir='ltr'>sie</span> <span class='ocrx_word' id='word_1_133' title='bbox 759 3225 840 3289; x_wconf 77' lang='lat' dir='ltr'>eatis</span> <span class='ocrx_word' id='word_1_134' title='bbox 862 3224 1031 3312; x_wconf 84' lang='lat' dir='ltr'>eleganter</span> <span class='ocrx_word' id='word_1_135' title='bbox 1053 3224 1104 3289; x_wconf 87' lang='lat' dir='ltr'>ait</span> <span class='ocrx_word' id='word_1_136' title='bbox 1125 3223 1354 3289; x_wconf 79' lang='lat' dir='ltr'>versificator:</span> 
     </span>
    </p>
   </div>
   <div class='ocr_carea' id='block_1_7' title="bbox 529 3365 1588 3966">
    <p class='ocr_par' dir='ltr' id='par_1_12' title="bbox 531 3365 1455 3452">
     <span class='ocr_line' id='line_1_20' title="bbox 531 3365 1455 3452; baseline 0 -22"><span class='ocrx_word' id='word_1_137' title='bbox 531 3413 541 3430; x_wconf 87' lang='lat'><strong>.</strong></span> <span class='ocrx_word' id='word_1_138' title='bbox 569 3374 588 3403; x_wconf 89' lang='lat'>“</span> <span class='ocrx_word' id='word_1_139' title='bbox 601 3366 644 3431; x_wconf 90' lang='lat' dir='ltr'>In</span> <span class='ocrx_word' id='word_1_140' title='bbox 660 3365 787 3432; x_wconf 85' lang='lat' dir='ltr'>Chaluz</span> <span class='ocrx_word' id='word_1_141' title='bbox 805 3365 924 3431; x_wconf 87' lang='lat' dir='ltr'>cecidit</span> <span class='ocrx_word' id='word_1_142' title='bbox 946 3388 1015 3443; x_wconf 86' lang='lat' dir='ltr'>rex,</span> <span class='ocrx_word' id='word_1_143' title='bbox 1037 3366 1131 3452; x_wconf 86' lang='lat' dir='ltr'>regni</span> <span class='ocrx_word' id='word_1_144' title='bbox 1154 3365 1261 3444; x_wconf 86' lang='lat' dir='ltr'>cardo,</span> <span class='ocrx_word' id='word_1_145' title='bbox 1287 3365 1455 3444; x_wconf 72' lang='lat' dir='ltr'>RicarduS,</span> 
     </span>
    </p>

    <p class='ocr_par' dir='ltr' id='par_1_13' title="bbox 531 3467 1588 3658">
     <span class='ocr_line' id='line_1_21' title="bbox 531 3467 1588 3554; baseline -0.001 -20"><span class='ocrx_word' id='word_1_146' title='bbox 531 3520 540 3534; x_wconf 94' lang='lat'><strong>.</strong></span> <span class='ocrx_word' id='word_1_147' title='bbox 599 3469 676 3534; x_wconf 87' lang='lat' dir='ltr'>Hiis</span> <span class='ocrx_word' id='word_1_148' title='bbox 691 3469 789 3546; x_wconf 83' lang='lat' dir='ltr'>ferus,</span> <span class='ocrx_word' id='word_1_149' title='bbox 804 3468 868 3532; x_wconf 88' lang='lat' dir='ltr'>hiis</span> <span class='ocrx_word' id='word_1_150' title='bbox 883 3468 1026 3545; x_wconf 75' lang='lat' dir='ltr'>humilio,</span> <span class='ocrx_word' id='word_1_151' title='bbox 1042 3468 1107 3533; x_wconf 81' lang='lat' dir='ltr'>hiis</span> <span class='ocrx_word' id='word_1_152' title='bbox 1121 3490 1235 3554; x_wconf 77' lang='lat' dir='ltr'>agene,</span> <span class='ocrx_word' id='word_1_153' title='bbox 1251 3467 1308 3534; x_wconf 79' lang='lat' dir='ltr'>et⁰</span> <span class='ocrx_word' id='word_1_154' title='bbox 1327 3468 1392 3532; x_wconf 80' lang='lat' dir='ltr'>hiis</span> <span class='ocrx_word' id='word_1_155' title='bbox 1406 3467 1588 3554; x_wconf 75' lang='lat' dir='ltr'>leopardue.</span> 
     </span>
     <span class='ocr_line' id='line_1_22' title="bbox 531 3569 1412 3658; baseline -0.003 -21"><span class='ocrx_word' id='word_1_156' title='bbox 531 3623 541 3637; x_wconf 90' lang='lat'><strong>.</strong></span> <span class='ocrx_word' id='word_1_157' title='bbox 599 3571 702 3637; x_wconf 82' lang='lat' dir='ltr'>Casus</span> <span class='ocrx_word' id='word_1_158' title='bbox 724 3578 796 3637; x_wconf 86' lang='lat' dir='ltr'>erat</span> <span class='ocrx_word' id='word_1_159' title='bbox 818 3571 900 3636; x_wconf 85' lang='lat' dir='ltr'>lueis</span> <span class='ocrx_word' id='word_1_160' title='bbox 923 3571 1056 3647; x_wconf 86' lang='lat' dir='ltr'>Chaluz,</span> <span class='ocrx_word' id='word_1_161' title='bbox 1079 3594 1139 3658; x_wconf 90' lang='lat' dir='ltr'>per</span> <span class='ocrx_word' id='word_1_162' title='bbox 1161 3569 1270 3636; x_wconf 80' lang='lat' dir='ltr'>secula</span> <span class='ocrx_word' id='word_1_163' title='bbox 1292 3591 1412 3635; x_wconf 87' lang='lat' dir='ltr'>nomen</span> 
     </span>
    </p>

    <p class='ocr_par' dir='ltr' id='par_1_14' title="bbox 532 3673 1412 3754">
     <span class='ocr_line' id='line_1_23' title="bbox 532 3673 1412 3754; baseline -0.006 -13"><span class='ocrx_word' id='word_1_164' title='bbox 532 3723 542 3741; x_wconf 87' lang='lat'><strong>.</strong></span> <span class='ocrx_word' id='word_1_165' title='bbox 598 3677 675 3741; x_wconf 88' lang='lat' dir='ltr'>Non</span> <span class='ocrx_word' id='word_1_166' title='bbox 699 3674 904 3740; x_wconf 82' lang='lat' dir='ltr'>intellectum</span> <span class='ocrx_word' id='word_1_167' title='bbox 927 3674 1045 3754; x_wconf 86' lang='lat' dir='ltr'>fuerat,</span> <span class='ocrx_word' id='word_1_168' title='bbox 1069 3673 1125 3737; x_wconf 81' lang='lat' dir='ltr'>sed</span> <span class='ocrx_word' id='word_1_169' title='bbox 1150 3673 1294 3737; x_wconf 81' lang='lat' dir='ltr'>nominis</span> <span class='ocrx_word' id='word_1_170' title='bbox 1317 3694 1412 3737; x_wconf 88' lang='lat' dir='ltr'>omen</span> 
     </span>
    </p>

    <p class='ocr_par' dir='ltr' id='par_1_15' title="bbox 529 3775 1467 3864">
     <span class='ocr_line' id='line_1_24' title="bbox 529 3775 1467 3864; baseline -0.007 -18"><span class='ocrx_word' id='word_1_171' title='bbox 529 3826 541 3847; x_wconf 85' lang='lat'><strong>.</strong></span> <span class='ocrx_word' id='word_1_172' title='bbox 599 3779 678 3844; x_wconf 87' lang='lat' dir='ltr'>Non</span> <span class='ocrx_word' id='word_1_173' title='bbox 702 3777 820 3864; x_wconf 89' lang='lat' dir='ltr'>patuit,</span> <span class='ocrx_word' id='word_1_174' title='bbox 837 3799 888 3841; x_wconf 89' lang='lat' dir='ltr'>res</span> <span class='ocrx_word' id='word_1_175' title='bbox 912 3777 1024 3842; x_wconf 86' lang='lat' dir='ltr'>clausa</span> <span class='ocrx_word' id='word_1_176' title='bbox 1045 3776 1120 3856; x_wconf 88' lang='lat' dir='ltr'>suit,</span> <span class='ocrx_word' id='word_1_177' title='bbox 1145 3776 1211 3852; x_wconf 81' lang='lat' dir='ltr'>sed,</span> <span class='ocrx_word' id='word_1_178' title='bbox 1227 3775 1297 3840; x_wconf 88' lang='lat' dir='ltr'>luce</span> <span class='ocrx_word' id='word_1_179' title='bbox 1320 3776 1467 3854; x_wconf 82' lang='lat' dir='ltr'>cadente,</span> 
     </span>
    </p>

    <p class='ocr_par' dir='ltr' id='par_1_16' title="bbox 530 3877 1382 3966">
     <span class='ocr_line' id='line_1_25' title="bbox 530 3877 1382 3966; baseline -0.007 -17"><span class='ocrx_word' id='word_1_180' title='bbox 530 3927 541 3949; x_wconf 89' lang='lat'><strong>.</strong></span> <span class='ocrx_word' id='word_1_181' title='bbox 597 3881 727 3947; x_wconf 89' lang='lat' dir='ltr'>Prodiit</span> <span class='ocrx_word' id='word_1_182' title='bbox 748 3881 784 3946; x_wconf 89' lang='lat' dir='ltr'>in</span> <span class='ocrx_word' id='word_1_183' title='bbox 807 3879 922 3959; x_wconf 85' lang='lat' dir='ltr'>lucem,</span> <span class='ocrx_word' id='word_1_184' title='bbox 938 3902 998 3966; x_wconf 90' lang='lat' dir='ltr'>pro</span> <span class='ocrx_word' id='word_1_185' title='bbox 1021 3901 1098 3945; x_wconf 78' lang='lat' dir='ltr'>casu</span> <span class='ocrx_word' id='word_1_186' title='bbox 1120 3879 1203 3944; x_wconf 85' lang='lat' dir='ltr'>lueis</span> <span class='ocrx_word' id='word_1_187' title='bbox 1225 3877 1382 3966; x_wconf 83' lang='lat' dir='ltr'>adeptae.&#39;&#39;</span> 
     </span>
    </p>
   </div>
   <div class='ocr_carea' id='block_1_8' title="bbox 529 4071 1458 4378">
    <p class='ocr_par' dir='ltr' id='par_1_17' title="bbox 529 4071 1458 4378">
     <span class='ocr_line' id='line_1_26' title="bbox 887 4071 1261 4153; baseline 0 -13"><span class='ocrx_word' id='word_1_188' title='bbox 887 4075 1001 4153; x_wconf 66' lang='lat' dir='ltr'>Alios,</span> <span class='ocrx_word' id='word_1_189' title='bbox 1023 4075 1081 4141; x_wconf 81' lang='lat' dir='ltr'>eod</span> <span class='ocrx_word' id='word_1_190' title='bbox 1102 4071 1261 4142; x_wconf 77' lang='lat' dir='ltr'>aaliviee.⁷</span> 
     </span>
     <span class='ocr_line' id='line_1_27' title="bbox 532 4186 1458 4275; baseline -0.005 -19"><span class='ocrx_word' id='word_1_191' title='bbox 532 4226 540 4241; x_wconf 93' lang='lat'><strong>·</strong></span> <span class='ocrx_word' id='word_1_192' title='bbox 569 4200 585 4226; x_wconf 88' lang='lat'>“</span> <span class='ocrx_word' id='word_1_193' title='bbox 598 4190 738 4267; x_wconf 81' lang='lat' dir='ltr'>Christe,</span> <span class='ocrx_word' id='word_1_194' title='bbox 762 4189 813 4256; x_wconf 86' lang='lat' dir='ltr'>tui</span> <span class='ocrx_word' id='word_1_195' title='bbox 840 4188 949 4254; x_wconf 84' lang='lat' dir='ltr'>ealieis</span> <span class='ocrx_word' id='word_1_196' title='bbox 975 4189 1087 4275; x_wconf 87' lang='lat' dir='ltr'>praedo</span> <span class='ocrx_word' id='word_1_197' title='bbox 1111 4189 1151 4254; x_wconf 89' lang='lat' dir='ltr'>fit</span> <span class='ocrx_word' id='word_1_198' title='bbox 1178 4187 1291 4274; x_wconf 79' lang='lat' dir='ltr'>praeda</span> <span class='ocrx_word' id='word_1_199' title='bbox 1318 4186 1458 4267; x_wconf 76' lang='lat' dir='ltr'>CalueiS,</span> 
     </span>
     <span class='ocr_line' id='line_1_28' title="bbox 529 4287 1402 4378; baseline -0.005 -20"><span class='ocrx_word' id='word_1_200' title='bbox 529 4329 539 4344; x_wconf 93' lang='lat'><strong>·</strong></span> <span class='ocrx_word' id='word_1_201' title='bbox 597 4294 677 4358; x_wconf 85' lang='lat' dir='ltr'>AEre</span> <span class='ocrx_word' id='word_1_202' title='bbox 699 4293 793 4359; x_wconf 89' lang='lat' dir='ltr'>brevi</span> <span class='ocrx_word' id='word_1_203' title='bbox 816 4289 948 4377; x_wconf 82' lang='lat' dir='ltr'>rejicis,⁸</span> <span class='ocrx_word' id='word_1_204' title='bbox 970 4292 1027 4378; x_wconf 88' lang='lat' dir='ltr'>qui</span> <span class='ocrx_word' id='word_1_205' title='bbox 1050 4291 1131 4357; x_wconf 86' lang='lat' dir='ltr'>tulit</span> <span class='ocrx_word' id='word_1_206' title='bbox 1153 4313 1221 4357; x_wconf 88' lang='lat' dir='ltr'>aera</span> <span class='ocrx_word' id='word_1_207' title='bbox 1247 4287 1402 4356; x_wconf 78' lang='lat' dir='ltr'>crucie&#39;&#39;⁹</span> 
     </span>
    </p>
   </div>
   <div class='ocr_carea' id='block_1_9' title="bbox 1427 4434 1601 4443">
    <p class='ocr_par' dir='ltr' id='par_1_18' title="bbox 1427 4434 1601 4443">
     <span class='ocr_line' id='line_1_29' title="bbox 1427 4434 1601 4443; baseline -0.011 -1"><span class='ocrx_word' id='word_1_208' title='bbox 1427 4434 1601 4443; x_wconf 53' lang='lat'>*0—</span> 
     </span>
    </p>
   </div>
   <div class='ocr_carea' id='block_1_10' title="bbox 551 4506 1604 5294">
    <p class='ocr_par' dir='ltr' id='par_1_19' title="bbox 586 4506 1604 4576">
     <span class='ocr_line' id='line_1_30' title="bbox 586 4506 1604 4576; baseline -0.003 -17"><span class='ocrx_word' id='word_1_209' title='bbox 586 4512 592 4542; x_wconf 89' lang='lat'>¹</span> <span class='ocrx_word' id='word_1_210' title='bbox 606 4508 829 4576; x_wconf 70' lang='lat' dir='ltr'>incomparabilem]</span> <span class='ocrx_word' id='word_1_211' title='bbox 862 4508 1054 4574; x_wconf 81' lang='lat' dir='ltr'>imcomparabi·</span> <span class='ocrx_word' id='word_1_212' title='bbox 1100 4508 1158 4559; x_wconf 81' lang='lat' dir='ltr'>eists</span> <span class='ocrx_word' id='word_1_213' title='bbox 1170 4510 1200 4558; x_wconf 88' lang='lat' dir='ltr'>of</span> <span class='ocrx_word' id='word_1_214' title='bbox 1212 4507 1254 4558; x_wconf 80' lang='lat' dir='ltr'>rix</span> <span class='ocrx_word' id='word_1_215' title='bbox 1265 4507 1339 4567; x_wconf 80' lang='lat' dir='ltr'>lines,</span> <span class='ocrx_word' id='word_1_216' title='bbox 1350 4507 1380 4557; x_wconf 79' lang='lat' dir='ltr'>ef</span> <span class='ocrx_word' id='word_1_217' title='bbox 1390 4506 1475 4558; x_wconf 84' lang='lat' dir='ltr'>vhieh</span> <span class='ocrx_word' id='word_1_218' title='bbox 1488 4507 1549 4573; x_wconf 75' lang='lat' dir='ltr'>only</span> <span class='ocrx_word' id='word_1_219' title='bbox 1560 4506 1604 4556; x_wconf 86' lang='lat' dir='ltr'>the</span> 
     </span>
    </p>

    <p class='ocr_par' dir='ltr' id='par_1_20' title="bbox 552 4587 1446 4736">
     <span class='ocr_line' id='line_1_31' title="bbox 552 4587 1446 4651; baseline -0.003 -11"><span class='ocrx_word' id='word_1_220' title='bbox 552 4591 610 4650; x_wconf 82' lang='lat' dir='ltr'>lem,</span> <span class='ocrx_word' id='word_1_221' title='bbox 622 4590 680 4641; x_wconf 87' lang='lat' dir='ltr'>MS.</span> <span class='ocrx_word' id='word_1_222' title='bbox 1100 4597 1151 4638; x_wconf 83' lang='lat' dir='ltr'>two</span> <span class='ocrx_word' id='word_1_223' title='bbox 1162 4589 1211 4638; x_wconf 76' lang='lat' dir='ltr'>leet</span> <span class='ocrx_word' id='word_1_224' title='bbox 1222 4603 1265 4638; x_wconf 81' lang='lat' dir='ltr'>are</span> <span class='ocrx_word' id='word_1_225' title='bbox 1276 4587 1337 4638; x_wconf 85' lang='lat' dir='ltr'>here</span> <span class='ocrx_word' id='word_1_226' title='bbox 1348 4588 1446 4651; x_wconf 82' lang='lat' dir='ltr'>quoted.</span> 
     </span>
     <span class='ocr_line' id='line_1_32' title="bbox 585 4666 1418 4736; baseline -0.002 -18"><span class='ocrx_word' id='word_1_227' title='bbox 585 4670 684 4736; x_wconf 67' lang='grc' dir='ltr'>2νιίἰ·“’.]</span> <span class='ocrx_word' id='word_1_228' title='bbox 703 4669 768 4719; x_wconf 73' lang='lat' dir='ltr'>This</span> <span class='ocrx_word' id='word_1_229' title='bbox 787 4671 809 4718; x_wconf 83' lang='lat' dir='ltr'>is</span> <span class='ocrx_word' id='word_1_230' title='bbox 826 4677 931 4728; x_wconf 81' lang='lat' dir='ltr'>correct,</span> <span class='ocrx_word' id='word_1_231' title='bbox 942 4670 989 4719; x_wconf 85' lang='lat' dir='ltr'>but</span> <span class='ocrx_word' id='word_1_232' title='bbox 1000 4669 1055 4720; x_wconf 86' lang='lat' dir='ltr'>vii⁰.</span> <span class='ocrx_word' id='word_1_233' title='bbox 1133 4667 1250 4733; x_wconf 54' lang='lat' dir='ltr'>mejeri]</span> <span class='ocrx_word' id='word_1_234' title='bbox 1269 4667 1351 4724; x_wconf 86' lang='lat' dir='ltr'>reicis,</span> <span class='ocrx_word' id='word_1_235' title='bbox 1364 4666 1418 4717; x_wconf 72' lang='lat' dir='ltr'>nis.</span> 
     </span>
    </p>

    <p class='ocr_par' dir='ltr' id='par_1_21' title="bbox 551 4745 1604 5211">
     <span class='ocr_line' id='line_1_33' title="bbox 551 4745 1603 4813; baseline -0.006 -14"><span class='ocrx_word' id='word_1_236' title='bbox 551 4750 579 4799; x_wconf 91' lang='lat' dir='ltr'>in</span> <span class='ocrx_word' id='word_1_237' title='bbox 592 4750 756 4813; x_wconf 80' lang='lat' dir='ltr'>Coggeehele,</span> <span class='ocrx_word' id='word_1_238' title='bbox 772 4766 796 4813; x_wconf 88' lang='lat' dir='ltr'>p.</span> <span class='ocrx_word' id='word_1_239' title='bbox 809 4754 850 4807; x_wconf 83' lang='lat'>85,</span> <span class='ocrx_word' id='word_1_240' title='bbox 862 4750 914 4797; x_wconf 84' lang='lat' dir='ltr'>and</span> <span class='ocrx_word' id='word_1_241' title='bbox 924 4748 953 4798; x_wconf 77' lang='lat' dir='ltr'>R</span> <span class='ocrx_word' id='word_1_242' title='bbox 1133 4747 1231 4796; x_wconf 73' lang='lat' dir='ltr'>&#39;Alter</span> <span class='ocrx_word' id='word_1_243' title='bbox 1242 4746 1302 4805; x_wconf 80' lang='lat' dir='ltr'>this,</span> <span class='ocrx_word' id='word_1_244' title='bbox 1321 4746 1347 4794; x_wconf 90' lang='lat' dir='ltr'>in</span> <span class='ocrx_word' id='word_1_245' title='bbox 1366 4745 1395 4794; x_wconf 88' lang='lat' dir='ltr'>F.</span> <span class='ocrx_word' id='word_1_246' title='bbox 1417 4745 1438 4794; x_wconf 81' lang='lat' dir='ltr'>ie</span> <span class='ocrx_word' id='word_1_247' title='bbox 1459 4745 1569 4794; x_wconf 72' lang='lat' dir='ltr'>inserted</span> <span class='ocrx_word' id='word_1_248' title='bbox 1589 4759 1603 4793; x_wconf 86' lang='lat' dir='ltr'>a</span> 
     </span>
     <span class='ocr_line' id='line_1_34' title="bbox 587 4823 1604 4895; baseline -0.006 -18"><span class='ocrx_word' id='word_1_249' title='bbox 587 4832 597 4858; x_wconf 82' lang='lat'><strong>¹</strong></span> <span class='ocrx_word' id='word_1_250' title='bbox 609 4827 747 4895; x_wconf 77' lang='lat' dir='ltr'>erluolaait]</span> <span class='ocrx_word' id='word_1_251' title='bbox 768 4829 887 4885; x_wconf 80' lang='lat' dir='ltr'>exalavit,</span> <span class='ocrx_word' id='word_1_252' title='bbox 900 4826 956 4877; x_wconf 84' lang='lat' dir='ltr'>MS.</span> <span class='ocrx_word' id='word_1_253' title='bbox 1100 4826 1204 4890; x_wconf 77' lang='lat' dir='ltr'>chapter</span> <span class='ocrx_word' id='word_1_254' title='bbox 1213 4831 1227 4854; x_wconf 80' lang='lat'>‘⁴</span> <span class='ocrx_word' id='word_1_255' title='bbox 1237 4824 1279 4874; x_wconf 85' lang='lat' dir='ltr'>De</span> <span class='ocrx_word' id='word_1_256' title='bbox 1286 4825 1411 4890; x_wconf 78' lang='lat' dir='ltr'>patientia</span> <span class='ocrx_word' id='word_1_257' title='bbox 1423 4825 1486 4888; x_wconf 75' lang='lat' dir='ltr'>repis</span> <span class='ocrx_word' id='word_1_258' title='bbox 1497 4823 1604 4872; x_wconf 77' lang='lat' dir='ltr'>llicorrli</span> 
     </span>
     <span class='ocr_line' id='line_1_35' title="bbox 585 4903 1602 4974; baseline -0.004 -18"><span class='ocrx_word' id='word_1_259' title='bbox 585 4908 769 4974; x_wconf 78' lang='lat' dir='ltr'>⁴epiteplium]</span> <span class='ocrx_word' id='word_1_260' title='bbox 789 4907 970 4972; x_wconf 85' lang='lat' dir='ltr'>epithaphium,</span> <span class='ocrx_word' id='word_1_261' title='bbox 982 4907 1039 4957; x_wconf 83' lang='lat' dir='ltr'>MS.</span> <span class='ocrx_word' id='word_1_262' title='bbox 1101 4907 1125 4955; x_wconf 84' lang='lat' dir='ltr'>in</span> <span class='ocrx_word' id='word_1_263' title='bbox 1154 4903 1375 4963; x_wconf 76' lang='lat' dir='ltr'>trilalnlr&#39;oeibue,”</span> <span class='ocrx_word' id='word_1_264' title='bbox 1408 4903 1491 4952; x_wconf 82' lang='lat' dir='ltr'>which</span> <span class='ocrx_word' id='word_1_265' title='bbox 1525 4904 1547 4950; x_wconf 80' lang='lat' dir='ltr'>ie</span> <span class='ocrx_word' id='word_1_266' title='bbox 1575 4903 1602 4952; x_wconf 92' lang='lat' dir='ltr'>in</span> 
     </span>
     <span class='ocr_line' id='line_1_36' title="bbox 586 4982 1604 5053; baseline -0.004 -19"><span class='ocrx_word' id='word_1_267' title='bbox 586 4990 596 5016; x_wconf 72' lang='lat'>⁵</span> <span class='ocrx_word' id='word_1_268' title='bbox 608 4987 681 5052; x_wconf 71' lang='lat' dir='ltr'>lepis]</span> <span class='ocrx_word' id='word_1_269' title='bbox 700 4986 776 5053; x_wconf 84' lang='lat' dir='ltr'>regis,</span> <span class='ocrx_word' id='word_1_270' title='bbox 788 4987 854 5047; x_wconf 67' lang='lat' dir='ltr'>MS„</span> <span class='ocrx_word' id='word_1_271' title='bbox 866 4987 915 5036; x_wconf 83' lang='lat' dir='ltr'>and</span> <span class='ocrx_word' id='word_1_272' title='bbox 927 5002 955 5035; x_wconf 85' lang='lat' dir='ltr'>so</span> <span class='ocrx_word' id='word_1_273' title='bbox 967 4987 996 5035; x_wconf 82' lang='grc' dir='ltr'>Ε.</span> <span class='ocrx_word' id='word_1_274' title='bbox 1010 4986 1039 5036; x_wconf 75' lang='lat' dir='ltr'>F.</span> <span class='ocrx_word' id='word_1_275' title='bbox 1100 4986 1254 5044; x_wconf 86' lang='lat' dir='ltr'>Wendover,</span> <span class='ocrx_word' id='word_1_276' title='bbox 1274 4985 1307 5033; x_wconf 92' lang='lat' dir='ltr'>iv.</span> <span class='ocrx_word' id='word_1_277' title='bbox 1323 4988 1447 5040; x_wconf 71' lang='lat' dir='ltr'>aee-240,</span> <span class='ocrx_word' id='word_1_278' title='bbox 1467 4982 1548 5030; x_wconf 89' lang='lat' dir='ltr'>under</span> <span class='ocrx_word' id='word_1_279' title='bbox 1560 4982 1604 5030; x_wconf 84' lang='lat' dir='ltr'>the</span> 
     </span>
     <span class='ocr_line' id='line_1_37' title="bbox 585 5060 1603 5131; baseline -0.005 -16"><span class='ocrx_word' id='word_1_280' title='bbox 585 5067 643 5131; x_wconf 72' lang='lat' dir='ltr'>⁴er]</span> <span class='ocrx_word' id='word_1_281' title='bbox 664 5067 749 5117; x_wconf 80' lang='lat' dir='ltr'>Oeen</span> <span class='ocrx_word' id='word_1_282' title='bbox 769 5081 877 5117; x_wconf 82' lang='lat' dir='ltr'>erasure.</span> <span class='ocrx_word' id='word_1_283' title='bbox 911 5065 969 5115; x_wconf 87' lang='lat' dir='ltr'>Om.</span> <span class='ocrx_word' id='word_1_284' title='bbox 981 5065 1012 5116; x_wconf 90' lang='grc' dir='ltr'>Β.</span> <span class='ocrx_word' id='word_1_285' title='bbox 1026 5065 1055 5116; x_wconf 86' lang='lat' dir='ltr'>C.</span> <span class='ocrx_word' id='word_1_286' title='bbox 1101 5070 1245 5130; x_wconf 66' lang='lat' dir='ltr'>yearleea,</span> <span class='ocrx_word' id='word_1_287' title='bbox 1258 5064 1308 5111; x_wconf 85' lang='lat' dir='ltr'>end</span> <span class='ocrx_word' id='word_1_288' title='bbox 1319 5077 1347 5111; x_wconf 86' lang='lat' dir='ltr'>so</span> <span class='ocrx_word' id='word_1_289' title='bbox 1358 5061 1411 5110; x_wconf 81' lang='lat' dir='ltr'>also</span> <span class='ocrx_word' id='word_1_290' title='bbox 1429 5061 1456 5110; x_wconf 89' lang='lat' dir='ltr'>in</span> <span class='ocrx_word' id='word_1_291' title='bbox 1466 5062 1496 5111; x_wconf 85' lang='lat' dir='ltr'>B.</span> <span class='ocrx_word' id='word_1_292' title='bbox 1509 5060 1538 5112; x_wconf 84' lang='lat' dir='ltr'>C.</span> <span class='ocrx_word' id='word_1_293' title='bbox 1551 5061 1603 5122; x_wconf 89' lang='lat' dir='ltr'>(ed.</span> 
     </span>
     <span class='ocr_line' id='line_1_38' title="bbox 589 5141 1305 5211; baseline -0.003 -18"><span class='ocrx_word' id='word_1_294' title='bbox 589 5145 673 5194; x_wconf 73' lang='lat' dir='ltr'>’&#39;l’hie</span> <span class='ocrx_word' id='word_1_295' title='bbox 688 5146 790 5210; x_wconf 78' lang='lat' dir='ltr'>epitaph</span> <span class='ocrx_word' id='word_1_296' title='bbox 814 5146 837 5195; x_wconf 81' lang='lat' dir='ltr'>ie</span> <span class='ocrx_word' id='word_1_297' title='bbox 854 5146 931 5210; x_wconf 78' lang='lat' dir='ltr'>given</span> <span class='ocrx_word' id='word_1_298' title='bbox 951 5145 1005 5194; x_wconf 78' lang='lat' dir='ltr'>aleo</span> <span class='ocrx_word' id='word_1_299' title='bbox 1022 5145 1058 5211; x_wconf 84' lang='lat' dir='ltr'>by</span> <span class='ocrx_word' id='word_1_300' title='bbox 1100 5144 1182 5202; x_wconf 75' lang='lat' dir='ltr'>Wats,</span> <span class='ocrx_word' id='word_1_301' title='bbox 1194 5158 1219 5207; x_wconf 86' lang='lat' dir='ltr'>p.</span> <span class='ocrx_word' id='word_1_302' title='bbox 1231 5141 1305 5206; x_wconf 81' lang='grc'><strong>374.)</strong></span> 
     </span>
    </p>

    <p class='ocr_par' dir='ltr' id='par_1_22' title="bbox 552 5224 1058 5294">
     <span class='ocr_line' id='line_1_39' title="bbox 552 5224 1058 5294; baseline 0.002 -20"><span class='ocrx_word' id='word_1_303' title='bbox 552 5226 700 5294; x_wconf 84' lang='lat' dir='ltr'>Bromptou,</span> <span class='ocrx_word' id='word_1_304' title='bbox 711 5225 759 5277; x_wconf 85' lang='lat' dir='ltr'>col.</span> <span class='ocrx_word' id='word_1_305' title='bbox 775 5231 846 5288; x_wconf 74' lang='lat'>1280,</span> <span class='ocrx_word' id='word_1_306' title='bbox 857 5227 903 5275; x_wconf 86' lang='lat' dir='ltr'>but</span> <span class='ocrx_word' id='word_1_307' title='bbox 918 5224 987 5276; x_wconf 82' lang='lat' dir='ltr'>there</span> <span class='ocrx_word' id='word_1_308' title='bbox 998 5239 1058 5276; x_wconf 85' lang='lat' dir='ltr'>eon·</span> 
     </span>
    </p>
   </div>
   <div class='ocr_carea' id='block_1_11' title="bbox 0 0 2264 6424">
    <p class='ocr_par' dir='ltr' id='par_1_23' title="bbox 0 0 2264 6424">
     <span class='ocr_line' id='line_1_40' title="bbox 0 0 2264 6424; baseline 0 0"><span class='ocrx_word' id='word_1_309' title='bbox 0 0 2264 6424; x_wconf 95' lang='lat' dir='ltr'> </span> 
     </span>
    </p>
   </div>
  </div>
 </body>
</html>
