4517 6425
615 1158 659 1228 70
757 1174 920 1222 MA'HHAEI
944 1172 1158 1221 PARISIENSIS
1181 1170 1343 1221 HISTORIA
1366 1170 1566 1219 ANGLORUM.

448 1452 517 1502 Ab.
531 1458 603 1503 11⁹8·
683 1448 734 1512 Dc
752 1445 876 1533 proelio
899 1444 1080 1533 campestri
1102 1444 1195 1512 iaici·
1216 1444 1348 1530 duplos
1370 1451 1400 1511 ct
1427 1444 1596 1510 Wcloascs.

450 1608 569 1686 Geoffrey
661 1596 786 1662 Eodem
808 1600 966 1683 tempore,
982 1618 1058 1683 rege
1082 1594 1224 1660 Ricardo
1248 1594 1284 1659 in
1306 1594 1457 1681 partibus
1479 1591 1840 1676 transmari-spuens.

448 1675 594 1793 ffiffi‘
616 1698 668 1764 nis
683 1698 807 1786 proeliis
823 1698 1027 1778 intendente,
1045 1697 1213 1763 Galfridus
1233 1698 1438 1777 filius-Petri,
1457 1696 1671 1781 justiciarius,
1708 1679 1745 1714 ¹¹¹'
1760 1667 1815 1713 ¹²9'

450 1810 531 1888 forces
617 1825 736 1890 magno
751 1803 898 1868 exercitu
922 1806 1127 1889 congregato,
1144 1800 1307 1888 profectus
1331 1801 1432 1867 estin
1448 1799 1612 1879 Walliam‚
1628 1798 1672 1863 ad

450 1883 550 1996 ffiffi‘
561 1876 604 1926 the
617 1907 872 1973 succurrendum
910 1905 1099 1970 hominibus
1138 1904 1297 1970 Willelmi
1341 1904 1381 1969 de
1419 1903 1552 1980 Brause,
1591 1923 1672 1989 quos

618 2011 826 2075 Wenunwcn
862 2008 1035 2074 obsederat
1069 2009 1105 2072 in
1140 2013 1247 2074 castro
1282 2007 1441 2073 Matildis.
1490 2007 1562 2086 Quo
1598 2028 1672 2071 cum

618 2114 831 2201 pervenisset,
855 2112 1044 2199 congregati
1068 2118 1147 2176 sunt
1170 2134 1283 2177 omnes
1305 2111 1372 2177 fere
1395 2110 1564 2175 Walenses
1582 2109 1693 2173 Wal-.

617 2215 681 2293 liae,
697 2215 907 2301 conjurantes
934 2216 976 2279 ad
999 2214 1142 2280 invicem
1165 2220 1353 2281 constanter
1378 2220 1475 2291 stare,
1490 2212 1648 2300 quamdiu
1661 2209 1693 2275 ¹.

619 2321 691 2384 vita
713 2320 750 2383 in
771 2318 959 2406 pectoribus
982 2318 1169 2405 palpitaret,
1190 2341 1250 2405 pro
1274 2340 1371 2384 causa
1393 2340 1505 2384 eorum
1528 2323 1562 2383 et
1577 2322 1693 2382 terrae.

620 2445 687 2489 suae
717 2422 931 2487 libertatibus
965 2427 1080 2487 contra
1111 2421 1295 2509 Anglomm
1322 2422 1581 2510 protervitatem.
1628 2419 1693 2484 Et.

620 2549 695 2591 cum
718 2530 832 2591 contra
851 2522 1037 2612 Anglorum
1061 2526 1244 2590 exercitum
1267 2525 1497 2591 densissimum
1520 2544 1622 2589 cornu
1638 2522 1694 2586 inss

620 2628 728 2694 fronte
750 2628 1006 2707 constituissent,
1030 2628 1168 2694 advenit
1191 2651 1265 2693 cum
1292 2629 1360 2693 suis
1382 2629 1514 2695 aciebus
1537 2625 1674 2693 militari

621 2732 794 2820 disciplina
817 2732 977 2797 ordinatis
1007 2733 1077 2819 ipse
1101 2731 1150 2797 P.2
1167 2731 1382 2816 justiciarius,
1405 2732 1462 2818 qui
1485 2737 1556 2797 erat
1582 2730 1693 2795 miles.

622 2842 776 2902 strenuus
799 2840 834 2901 et
858 2836 1118 2921 circumspectus,
1144 2840 1259 2901 contra
1281 2858 1337 2901 eos
1360 2835 1583 2901 dimicaturus.
1630 2831 1694 2899 Et.

622 2961 696 3005 cum
718 2938 872 3004 alacriter
894 2961 970 3004 suas
993 2938 1078 3003 acies
1103 2938 1282 3003 animando
1309 2938 1530 3026 persuasisset,
1553 2941 1593 3002 ut
1616 2936 1695 3001 ali..

622 3043 696 3129 quis
712 3042 880 3107 animosus
896 3039 1055 3127 praeiret,s
1070 3041 1271 3108 densitatem
1292 3042 1455 3108 initialem
1471 3040 1694 3108 adversantis.

455 3152 568 3219 Bravery
584 3151 615 3201 of
623 3146 788 3211 exercitus
804 3145 1032 3234 dissipaturus,
1048 3145 1219 3232 respondit
1241 3145 1376 3233 quidam
1400 3146 1440 3211 de
1457 3144 1696 3213 servientibus.

454 3221 595 3341 ffffieffe
623 3249 700 3328 suis,
735 3249 869 3314 nominc
899 3247 1067 3314 Walterus
1102 3248 1144 3314 de
1184 3249 1336 3328 Hamme,
1368 3250 1408 3315 de
1438 3250 1695 3338 ltumpintona·

623 3351 790 3430 oriundus,
811 3352 921 3417 dicens
943 3351 1052 3439 palam
1076 3351 1139 3439 ipsi
1158 3351 1363 3437 justiciario⁴
1379 3359 1413 3419 et
1437 3354 1504 3419 suis
1527 3353 1698 3441 primati.

622 3457 693 3536 bus,
710 3466 726 3491 “
739 3456 848 3536 Absit,
873 3456 1012 3530 domine,
1029 3460 1070 3520 ut
1092 3455 1212 3541 aliquis
1235 3457 1355 3522 nobilis
1371 3462 1404 3522 et
1426 3458 1569 3523 famosus
1584 3456 1678 3521 miles
1689 3459 1700 3512 ‘-

624 3565 740 3648 sponte
772 3559 948 3647 periturus,
982 3562 1054 3623 tam
1088 3559 1228 3646 ancipiti
1263 3583 1297 3625 sc
1328 3566 1494 3647 supponat
1524 3560 1697 3647 periculo·

624 3686 731 3750 neque
755 3663 848 3728 decet
870 3667 930 3727 aut
961 3661 1104 3748 expedit,
1137 3667 1177 3726 ut
1203 3662 1322 3749 aliquis
1345 3686 1485 3751 magnus
1507 3664 1587 3729 vitae
1609 3685 1698 3728 suae·

625 3767 784 3856 prodigus
806 3767 937 3831 existat.
985 3765 1051 3831 Sed
1074 3765 1115 3830 de
1137 3787 1199 3847 mc,
1216 3771 1325 3832 vestro
1341 3788 1482 3853 paupere
1505 3767 1698 3845 serviente„

625 3893 693 3937 non
726 3876 776 3935 est
807 3891 966 3957 magnum
999 3869 1179 3955 dampnum
1215 3869 1243 3933 si
1275 3891 1415 3956 peream,
1444 3890 1505 3935 nec
1536 3869 1698 3934 multum·

627 3973 828 4038 exultabunt
852 3972 892 4037 de
919 3992 997 4036 casu
1026 3993 1099 4036 meo
1129 3970 1284 4038 inimici.”
1329 3968 1382 4050 Et,
1406 3972 1468 4037 hoc
1491 3971 1586 4049 dicto,
1610 3994 1697 4037 non·

627 4080 803 4163 expectans
817 4092 1019 4160 responsum,
1043 4095 1174 4159 equum,
1199 4096 1297 4161 quem
1318 4074 1438 4140 habuit
1460 4074 1698 4161 praelectum,-

627 4184 769 4264 utroque
786 4176 888 4243 latere
911 4185 1095 4256 cruentans,
1111 4177 1253 4242 demissa
1275 4177 1380 4254 hasta,
1396 4201 1500 4242 unum
1523 4178 1558 4243 in
1572 4178 1699 4245 fronte.

629 4282 800 4359 exercitus,
817 4280 875 4366 qui
896 4281 1076 4345 videbatur
1098 4280 1247 4345 omnium
1270 4283 1488 4368 praestantior,
1513 4281 1699 4349 insanabi-·

628 4385 706 4451 liter
731 4384 947 4450 vulneratum
970 4384 1201 4471 praecipitavit.
1235 4385 1293 4450 'Et
1315 4391 1391 4473 post
1414 4386 1510 4468 hunc,
1535 4386 1699 4475 primum·

629 4489 774 4567 obvium,
797 4489 925 4553 virtute
949 4488 1024 4574 equi
1048 4492 1082 4553 et
1104 4489 1274 4553 assessoris
1297 4491 1504 4571 strenuitate,
1520 4513 1595 4556 cum
1609 4492 1700 4579 ipso.
1733 4504 1776 4556 fol.
1787 4509 1818 4555 85
1826 4520 1851 4555 a.

629 4615 713 4680 equo
736 4591 919 4658 contritum
951 4599 986 4658 et
1020 4592 1175 4657 omnibus
1205 4593 1361 4659 membris
1390 4595 1587 4683 dissipatum
1609 4617 1702 4682 pro-.

665 4836 813 4903 ιᾳιιαηιᾱὲιι]
833 4835 921 4902 Pcrtly
939 4835 967 4886 ln
982 4846 1062 4902 marg.
1083 4835 1134 4886 and
1216 4838 1225 4867 ³
1233 4838 1349 4905 proeiret]
1370 4838 1426 4890 The
1437 4838 1493 4891 first
1508 4839 1580 4892 three
1598 4837 1683 4890 letters

631 4919 713 4983 partly
725 4934 759 4968 on
770 4933 877 4968 erasure.
1180 4936 1223 4974 are
1233 4937 1266 4971 on
1280 4936 1313 4971 sn
1325 4935 1434 4971 erasure.

663 4997 731 5064 ²P.]
751 4996 824 5049 Scin
842 4997 901 5049 MS.
919 4997 1019 5059 ondit,
1031 4996 1078 5047 but
1094 5010 1134 5047 we

631 5078 721 5129 should
740 5080 800 5130 read
823 5075 957 5143 Galsridus
967 5076 1131 5142 filias-Petri.
1213 5072 1222 5103 ⁴
1228 5071 1385 5138 justiciorio]
1401 5069 1526 5135 justiario,
1541 5067 1598 5124 MS.

629 5159 662 5212 In
673 5160 712 5223 E,
725 5157 796 5211 Petri
804 5157 885 5222 filias.
