4517 6425
755 1193 802 1241 ua
824 1192 983 1241 rauroan
1005 1191 1107 1241 arcis
1130 1192 1286 1253 niumm,
1310 1191 1377 1240 vm.
1399 1191 1521 1239 rnaru.
1598 1174 1665 1244 317

882 1378 1037 1447 collatio
1061 1376 1200 1445 deciana
1224 1376 1443 1444 coartatae.
1677 1382 1747 1433 AJ).
1762 1386 1825 1432 laea

444 1523 603 1589 languena
660 1506 752 1573 Tunc
781 1508 941 1595 magister
972 1508 1161 1594 Stephanus
1194 1506 1344 1593 praelatis
1372 1504 1525 1570 omnibus
1552 1503 1666 1569 literas
1678 1524 1757 1588 Papa
1818 1498 1823 1506 ⁴

473 1592 510 1643 iv.
522 1598 578 1644 ²⁰¹·
615 1608 741 1674 domini
763 1632 858 1697 papae
880 1610 1122 1697 procuratorias
1143 1608 1300 1687 ostendit,
1323 1607 1443 1695 quibus
1465 1607 1552 1672 idem
1579 1628 1666 1693 papa
1677 1591 1812 1708 {mov

613 1712 722 1798 ipsum
744 1713 788 1776 ad
811 1712 916 1778 dictas
938 1712 1081 1778 decimas
1104 1711 1307 1799 colligendas
1321 1714 1565 1797 procuratorem
1588 1726 1774 1777 con-thetax

613 1816 778 1892 stituerat,
802 1821 841 1880 ut
863 1837 930 1881 non
945 1814 1125 1880 secundum
1147 1814 1353 1880 taxationem
1376 1812 1498 1878 factam
1520 1811 1557 1875 in
1580 1794 1809 1911 vice-KQ&

614 1917 706 1998 sima,
729 1940 803 2003 quae
825 1917 925 2004 paulo
943 1922 1022 1982 ante
1044 1916 1114 2004 regi
1139 1917 1220 1981 data
1241 1915 1351 1981 fuerat
1373 1937 1433 2003 pro
1455 1913 1665 1980 libertatibus

614 2020 812 2106 optinendis,
827 2020 885 2085 sed
908 2019 1089 2085 secundum
1112 2019 1201 2105 quod
1216 2019 1333 2085 melius
1355 2022 1504 2106 possunt,
1520 2017 1563 2082 ad
1578 2038 1665 2083 com-

613 2121 760 2187 modum¹
777 2122 904 2187 domini
927 2144 1031 2209 papae,
1045 2127 1081 2187 et
1096 2122 1230 2187 uberius
1246 2122 1357 2186 omnia
1371 2122 1459 2185 bona
1475 2124 1509 2185 et
1532 2120 1667 2185 mobilia

613 2225 817 2311 singulorum
848 2225 981 2304 taxari;
1018 2224 1174 2290 videlicet
1209 2224 1250 2288 de
1287 2222 1441 2288 omnibus
1472 2221 1665 2300 redditibus,

614 2328 839 2412 proventibus,
862 2327 1027 2393 fructibus
1049 2348 1250 2406 carucarum,
1274 2325 1507 2402 oblationibus,
1523 2324 1666 2401 decimis,

615 2430 829 2496 nutrimentis
852 2430 1046 2495 animalium
1066 2434 1101 2495 et
1122 2429 1294 2506 fructibus,
1316 2428 1412 2494 etde
1434 2426 1588 2491 omnibus
1611 2426 1667 2491 ob-
1762 2415 1765 2424 ’

446 2540 604 2619 Reawend.
617 2533 830 2600 ventionibus
852 2533 1061 2599 ecclesiarum
1083 2531 1139 2597 vel
1158 2532 1299 2610 aliarum
1322 2530 1570 2618 possessionum,
1588 2531 1667 2615 quo-

475 2622 510 2657 ¹'''
523 2613 579 2658 ²⁰²·
616 2656 743 2722 cunque
775 2636 908 2701 nominc
938 2640 1143 2712 censeantur,
1170 2656 1238 2700 non
1268 2632 1436 2718 aliquibus
1467 2632 1588 2698 debitis
1610 2631 1666 2697 vel

615 2737 769 2823 expensis
790 2738 904 2824 aliqua
926 2738 1094 2804 occasione
1109 2736 1267 2802 deductis.
1313 2734 1445 2800 Habuit
1467 2734 1567 2800 etiam
1590 2755 1666 2799 auc·

598 2839 786 2936 ‘toritatem
821 2862 864 2905 ex
895 2841 1020 2907 eisdem
1049 2839 1156 2905 literis
1187 2837 1448 2904 contradictores
1479 2858 1667 2902 excommu-

615 2942 758 3021 nicandi,
791 2948 826 3009 et
864 2943 1015 3009 ecclesias
1046 2942 1277 3008 interdicendi
1330 2940 1440 3021 Unde,
1474 2940 1666 3005 constitutis

615 3044 881 3130 procuratoribus
903 3046 971 3112 suis
987 3046 1023 3109 in
1038 3044 1179 3131 singulis
1201 3042 1415 3110 comitatibus
1437 3042 1539 3129 regni,
1554 3063 1667 3107 omnes

614 3146 688 3213 illos
711 3147 1192 3234 excomruunicavit,quici1·ca
1213 3146 1354 3213 decimas
1376 3144 1463 3232 ipsas
1485 3144 1667 3210 reddendas

614 3250 668 3315 vel
692 3251 897 3316 taxationem
919 3251 1113 3329 faciendam,
1135 3272 1193 3337 per
1226 3271 1261 3315 se
1291 3250 1345 3314 vel
1376 3270 1435 3334 per
1468 3248 1580 3324 abum,
1601 3248 1667 3313 col·

614 3352 753 3434 ludium,
788 3358 923 3440 pactum
949 3354 1110 3439 iniquum,
1145 3352 1403 3417 subtractionem
1428 3351 1482 3416 vel
1517 3351 1665 3415 fraudem

614 3455 759 3541 aliquam
789 3457 947 3523 duxerint
977 3456 1168 3521 faciendam.
1225 3454 1272 3519 Et
1308 3454 1464 3541 quoniam
1495 3453 1664 3540 negotium

614 3557 772 3622 festinum
796 3557 950 3647 exigebat
977 3558 1150 3635 auxilium,
1177 3556 1325 3644 praelatis
1355 3555 1507 3621 omnibus
1530 3559 1566 3620 et
1591 3554 1666 3619 aliis

615 3661 677 3726 sub
708 3683 808 3749 poena
830 3660 1181 3728 excommunicationis
1212 3655 1414 3739 interdixit,2
1444 3665 1483 3723 ut
1513 3656 1567 3723 vel
1593 3679 1666 3721 mu·

614 3763 697 3844 tuo,³
720 3765 774 3830 vel
800 3764 867 3830 alio
893 3785 1088 3851 quocunque
1117 3763 1225 3840 modo,
1248 3762 1421 3849 pecuniam
1451 3759 1666 3849 perquisitam

615 3867 679 3932 sibi
705 3867 874 3933 traderent
907 3864 1057 3944 indilate,
1079 3870 1214 3952 uteam
1245 3863 1379 3929 domino
1409 3884 1503 3950 papae
1525 3861 1667 3927 inconti-

615 3969 708 4035 nenti
731 3969 1005 4045 transmitterent,
1027 3968 1165 4034 eandem
1188 3966 1408 4053 postmodum,
1432 3965 1566 4030 decimis
1597 3964 1667 4028 sin-

614 4073 767 4160 gulorum
789 4073 853 4139 rite
882 4072 1017 4149 taxatis,
1047 4069 1193 4157 plenarie
1215 4068 1385 4157 recepturi.
1441 4068 1524 4133 Erat
1553 4073 1665 4132 autem

613 4175 702 4241 idem
736 4198 821 4262 papa
852 4180 906 4241 tot
936 4181 972 4240 et
1000 4173 1106 4240 tantis
1140 4173 1313 4238 involutus
1344 4170 1473 4249 debitis,
1507 4175 1547 4235 ut
1578 4171 1666 4235 unde

614 4277 765 4342 bellicam
788 4299 888 4364 quam
909 4281 1095 4362 siaceperat
1117 4274 1361 4362 expeditionem
1385 4272 1586 4351 sustineret,⁴
1609 4294 1667 4360 pe·

614 4380 706 4443 nitus
728 4381 904 4466 ignoraret.
949 4380 995 4444 Et
1017 4379 1071 4456 sic,
1088 4378 1197 4444 soluto
1220 4377 1365 4454 concilio,
1380 4375 1666 4441 murmurantibus

594 4482 743 4551 .cunctis
765 4488 800 4547 et
830 4481 1097 4568 imprecantibus,
1121 4486 1161 4545 ut
1185 4485 1308 4545 eventu
1331 4483 1441 4544 careat
1471 4484 1541 4542 tam
1571 4499 1667 4563 argu-

594 4589 766 4652 .mentosa
802 4583 956 4661 extorsio,
993 4588 1206 4649 recesserunt.
1263 4583 1314 4647 De
1341 4580 1481 4647 miseriis
1518 4584 1553 4645 et
1586 4601 1666 4666 pau-

595 4686 800 4773 .pertatibus
837 4685 985 4750 virorum
1018 4686 1235 4762 ecclesiarum,
1259 4685 1287 4749 si
1320 4685 1394 4771 quis
1426 4684 1464 4748 in
1496 4683 1559 4747 hoc
1589 4703 1665 4747 casu

594 4789 825 4875 ,exprimeret
849 4786 1000 4852 lacrimas
1022 4792 1192 4853 excuteret
1214 4783 1428 4852 auditorum.⁶

649 4982 655 5011 ¹
669 4978 823 5044 commodum]
843 4980 985 5039 comodum,
995 4977 1052 5029 MS.
1196 4980 1205 5009 ⁸
1216 4978 1357 5044 sustineret]
1381 4976 1582 5038 autumnalis.

648 5061 658 5090 ²
671 5058 810 5123 interdixit]
830 5059 869 5108 At
891 5058 946 5109 first
965 5058 1062 5110 written
1080 5059 1116 5108 ia·
1194 5056 1258 5108 ‘Dc
1272 5057 1414 5109 miseriis..
1427 5092 1434 5109 .
1447 5054 1598 5121 auditorum]
1624 5056 1665 5107 On

614 5138 762 5199 distansia
772 5137 815 5188 W.
827 5138 858 5188 B.
871 5137 900 5189 C.
1161 5152 1312 5188 anemsurc.

647 5218 761 5284 'mutqu
780 5225 873 5282 metuo,
885 5217 942 5270 MS.
