4517 6425
687 1201 753 1267 262
812 1214 978 1266 usurum
1001 1213 1212 1266 rsummrsrs
1235 1213 1401 1265 nmmum
1423 1212 1622 1266 munorum

517 1505 586 1558 nn.
600 1512 672 1559 1224.
696 1490 867 1575 &muodo
887 1490 1096 1574 Eudemus,
1107 1511 1178 1661 ailad
1200 1490 1425 1570 Francorum,
1448 1489 1635 1577 Rrrpeltom
1656 1486 1724 1555 etti

1165 1593 1309 1681 Μανία

517 1746 677 1813 Theoiryof
728 1737 854 1805 Eodem
877 1761 1006 1827 quoque
1035 1761 1122 1805 anno
1145 1763 1205 1807 rex
1227 1737 1429 1806 Francorum
1457 1739 1652 1805 Lodowieus
1674 1738 1902 1820 ard-Rogitas.

516 1814 644 1930 {iffi
684 1865 797 1909 versus
827 1865 937 1931 regem
959 1839 1163 1931 Anglorum¹
1189 1843 1273 1909 iram
1295 1847 1329 1909 et
1352 1842 1466 1908 odium
1497 1863 1667 1908 reservans
1694 1842 1750 1920 in,

517 1948 670 2011 uptoIouis.
683 1945 787 2024 corde,
811 1945 909 2011 duxit
939 1947 1119 2012 exercitum
1141 1946 1300 2033 grandem
1331 1945 1374 2011 ad
1406 1943 1590 2032 Rupellam,
1624 1949 1665 2010 ut
1695 1948 1731 2009 et

682 2047 775 2114 illam
806 2048 907 2112 armis
939 2053 999 2113 aut
1028 2071 1122 2137 prece
1144 2048 1198 2114 vel
1232 2048 1337 2135 pretio
1368 2048 1423 2113 vel
1450 2045 1635 2135 proditione
1666 2045 1749 2116 sibi.

683 2150 884 2237 subjugaret.
931 2150 1102 2232 Quocum
1124 2151 1337 2239 pervenisset,
1362 2150 1486 2239 optulit
1512 2149 1642 2216 civibus
1664 2170 1731 2215 non

682 2251 845 2318 modicam
870 2252 1052 2339 pecuniam,
1075 2259 1115 2319 ut
1138 2254 1253 2319 villam
1275 2276 1369 2319 suam
1391 2254 1419 2318 si
1441 2252 1627 2333 reddentes,
1649 2252 1731 2317 fide·

681 2356 811 2421 litatem
827 2355 891 2420 sibi
913 2355 1069 2437 facerent,
1084 2355 1258 2443 forentque
1279 2356 1309 2421 ei
1330 2356 1372 2422 de
1394 2361 1502 2421 cetero
1524 2352 1575 2420 illi
1597 2354 1730 2442 penitus

681 2459 899 2524 intendentes.
946 2459 995 2523 At
1017 2460 1113 2536 cives,
1136 2481 1211 2523 cum
1233 2480 1253 2523 a
1275 2479 1351 2546 rege
1374 2458 1560 2545 Anglorum
1579 2478 1614 2523 se
1637 2456 1730 2543 quasi

682 2561 854 2626 derelictos
876 2566 1079 2648 reputarent,
1101 2564 1173 2626 tam
1199 2583 1294 2648 prece
1316 2581 1417 2647 quam
1438 2558 1547 2647 pretio
1571 2566 1729 2645 tanquam

681 2662 789 2727 nativi
820 2663 1005 2750 proditores
1036 2663 1176 2742 inducti,
1199 2664 1269 2751 regi
1292 2662 1496 2729 Francorum
1527 2661 1598 2727 sine
1620 2661 1750 2748 aliqua.

681 2764 905 2830 controversia
918 2764 1002 2829 clam
1018 2769 1052 2830 et
1068 2765 1180 2831 subito
1196 2763 1370 2853 Rupellam
1392 2764 1610 2830 tradiderrmt.
1657 2762 1747 2844 Qua.

681 2867 809 2945 amissa,
834 2872 1029 2932 enervatum
1044 2873 1095 2934 est
1110 2867 1268 2955 quicquid
1288 2868 1457 2934 residuum
1471 2889 1532 2933 rex
1546 2864 1747 2953 Anglorum.

1774 1822 1809 1873 iv.
1821 1828 1864 1874 93.

680 2968 797 3035 habuit
811 2968 849 3033 in
871 2968 1029 3035 Pictavia
1076 2969 1139 3036 Est
1161 2970 1249 3036 enim
1271 2970 1413 3058 Rupella
1433 2974 1594 3055 tanquam
1616 2967 1747 3048 clavis„
1765 2985 1901 3041 uweuu

679 3071 846 3151 introitus,
869 3077 965 3157 porta
987 3077 1022 3137 et
1043 3076 1158 3160 portus
1174 3073 1342 3151 Pictaviae,
1363 3071 1423 3138 ubi
1437 3093 1529 3159 reges
1544 3072 1745 3159 Anglorum,

680 3179 715 3241 et
745 3173 866 3239 milites
888 3173 931 3240 ad
953 3173 1175 3242 defensionem
1197 3175 1329 3241 illarum
1360 3175 1533 3264 regionum
1564 3174 1727 3263 applicare

680 3283 922 3343 consueverunt
933 3303 942 3358 ;
965 3278 1086 3365 quibus
1107 3302 1196 3345 nunc
1210 3278 1290 3356 ria,²
1312 3279 1406 3365 quasi
1428 3278 1543 3344 hostili
1565 3277 1746 3366 repagulo„

679 3381 910 3447 miserabiliter
931 3387 982 3447 est
1004 3383 1172 3470 praeclusa
1218 3382 1292 3448 Rex
1315 3382 1418 3470 igitur
1433 3381 1635 3448 Francorum
1658 3389 1728 3448 tam

679 3485 716 3550 in
739 3484 821 3549 villa
843 3506 943 3570 quam
965 3485 1002 3549 in
1025 3484 1160 3551 castello
1183 3507 1259 3552 euos
1281 3485 1403 3551 milites
1433 3486 1545 3573 posuit
1567 3508 1606 3550 ao
1628 3485 1730 3551 servi·

679 3593 792 3668 eutes3
814 3609 852 3653 ac
872 3587 1001 3667 deinde,
1017 3589 1059 3653 de
1081 3588 1231 3653 maxima
1253 3593 1349 3675 parte
1368 3585 1529 3654 Pictaviee
1552 3588 1729 3654 securitate

677 3696 814 3776 recepta
832 3689 903 3755 sine
925 3690 1097 3778 sanguinis
1120 3691 1278 3756 effusione
1296 3691 1443 3779 gaudens
1466 3690 1510 3755 ad
1524 3691 1657 3777 propria
1678 3713 1727 3756 re-

678 3792 803 3856 meavit
834 3790 918 3858 bene
945 3791 1107 3874 ditatus,³
1134 3798 1169 3860 ct
1195 3792 1237 3858 de
1268 3791 1514 3859 Pictavensium
1543 3792 1745 3880 proditione·

637 3936 640 3941 -
679 3894 889 3960 subridendo

680 4103 730 4170 De
751 4102 925 4174 obsidione
946 4106 1052 4175 rostri
1066 4107 1332 4196 Bedesordoasia
1346 4115 1377 4176 et
1398 4106 1542 4175 conatis
1556 4105 1727 4176 Norbam·

1147 4211 1257 4279 tooiae.

509 4388 662 4523 fflffimp,
681 4414 806 4479 octavis
829 4420 952 4482 sanotae
975 4417 1159 4497 Trinitatis,
1174 4419 1264 4506 apud
1282 4417 1554 4498 Norhamtonam,
1570 4440 1629 4484 rex
1652 4442 1726 4484 cum

511 4528 564 4573 ton.
679 4517 938 4606 archiepiscopis,
971 4521 1140 4607 episcopis,
1164 4522 1350 4602 comitibus,
1377 4522 1559 4587 baronibus
1590 4527 1625 4587 et
1653 4523 1727 4588 aliis

530 4614 647 4668 ¹⁶¹¹&ss
678 4621 801 4698 multis,
826 4623 867 4687 de
890 4623 984 4710 regui
1005 4625 1148 4710 negotiis
1172 4623 1357 4690 tractaturi.
1410 4625 1527 4691 Voluit
1554 4625 1642 4690 enim
1664 4648 1724 4690 rex

678 4724 730 4790 uti
751 4724 887 4790 consilio
918 4731 1110 4813 magnatum
1139 4748 1273 4792 suorum
1299 4729 1341 4793 de
1365 4727 1463 4793 terris
1488 4727 1725 4808 transmarinis,

710 4995 716 5023 ¹
730 4993 875 5060 Arctorum]
894 4994 1039 5044 Interlined.
1260 4996 1335 5048 ‘beau
1343 4996 1443 5058 ditatus,
1453 4997 1490 5063 et]
1510 4999 1551 5050 On
1562 5012 1711 5050 onerosum.

709 5073 1177 5139 ²fflmmmmmm

676 5153 769 5203 mered

1784 3054 1819 3105 iv.
1832 3060 1874 3106 94.

513 4319 619 4372 eouncfl
725 4308 789 4375 Por
825 4312 912 4377 idem
945 4317 1076 4401 tempus
1110 4319 1335 4382 convenerunt
1368 4314 1412 4380 ad
1449 4313 1646 4402 colloquium
1691 4317 1726 4380 in
1737 4341 1898 4409 Quum

1771 4409 1805 4461 iv.
1817 4417 1858 4464 94.
