4517 6425
757 1188 805 1239 aa
830 1189 990 1239 ammosa
1012 1189 1116 1239 arms
1141 1188 1298 1253 samer,
1322 1188 1389 1238 vra
1413 1189 1537 1239 marra
1605 1177 1667 1239 211

615 1358 788 1424 consilium
811 1360 982 1438 dederunt,
1005 1365 1046 1425 ut
1068 1366 1174 1447 portis
1196 1359 1343 1426 civitatis
1364 1360 1448 1425 bene
1471 1356 1671 1424 custodiren-
1684 1362 1752 1417 ΔΙ).
1766 1367 1838 1418 1217,

615 1466 680 1539 tur,
713 1461 886 1549 hostesque
913 1463 1056 1529 viriliter
1087 1463 1130 1528 ab
1162 1464 1311 1551 ingressu
1342 1468 1538 1539 arcerentur,
1568 1460 1672 1526 donec

615 1569 768 1645 castrum,
785 1566 878 1652 cujus
900 1566 1010 1653 captio
1036 1565 1256 1645 imminebat,l
1277 1571 1497 1653 occuparetur.
1541 1554 1673 1630 Placuit

615 1666 782 1753 aliquibus
804 1690 872 1734 non
896 1669 1049 1734 omnibus
1064 1669 1238 1735 consilium
1261 1673 1489 1735 memoratum.
1534 1666 1671 1733 Obsera·

615 1767 660 1835 tis
681 1770 796 1855 itaque
826 1771 932 1858 portis
955 1775 989 1837 et
1012 1771 1204 1837 custodibus
1236 1770 1405 1850 adhibitis,
1435 1791 1548 1837 omnes
1570 1789 1605 1834 se
1626 1768 1670 1834 ad

615 1871 836 1939 defensionem
859 1872 1099 1961 praeparabant.

629 2110 680 2179 Dc
697 2112 823 2201 prelio
845 2112 944 2200 apud
965 2112 1194 2180 tomolatum
1217 2113 1403 2196 scamma,
1426 2119 1455 2182 ct
1478 2114 1519 2180 ca
1540 2120 1646 2180 morte

952 2214 1088 2283 comitis
1109 2213 1322 2283 Peccata.

444 2358 603 2438 BogWent.
660 2356 835 2423 Exercitus
856 2364 969 2423 autem
991 2357 1076 2445 regis
1099 2379 1120 2421 a
1142 2362 1236 2444 parte
1251 2356 1377 2422 castelli
1398 2357 1473 2422 urbi
1495 2357 1782 2446 appropia-Fcukes

482 2433 569 2480 Μ·
597 2458 745 2545 ,φιωιεέ
766 2482 841 2525 curn
865 2457 937 2546 [a]³
959 2460 1145 2526 castellanis
1168 2457 1338 2547 cognitus*
1359 2460 1484 2536 fuisset,
1508 2461 1669 2526 miserunt
1680 2431 1793 2561 Qum

614 2559 698 2625 clam
721 2563 879 2627 nuncium
901 2585 961 2650 per
982 2562 1154 2649 posticum,
1170 2561 1258 2650 quod
1281 2566 1353 2628 erat
1375 2584 1396 2626 a
1417 2566 1510 2649 tergo
1533 2562 1667 2640 castelli,
1681 2564 1755 2644 sein?
1765 2566 1809 2615 aa·

613 2662 657 2727 ad
679 2664 818 2750 majores
840 2666 1011 2743 exercitus,
1036 2666 1094 2753 qui
1116 2665 1163 2730 eis
1185 2664 1298 2730 omnia
1329 2687 1404 2752 quae
1428 2664 1555 2730 fiebant
1584 2646 1791 2749 inte-ffffi

444 2767 604 2847 Bogwend.
615 2765 684 2831 rius
705 2768 886 2833 nunciavit.
931 2768 1029 2834 Dixit
1051 2768 1161 2846 etiam,
1178 2769 1275 2854 quod,
1290 2768 1318 2833 si
1333 2768 1468 2849 vellent,
1489 2771 1669 2854 potuerunt
1681 2765 1765 2817 Μ

482 2843 568 2890 ”⁸²²
613 2868 796 2956 ingressum
828 2870 948 2937 habere
978 2892 1036 2957 per
1061 2870 1268 2957 posterulam,
1293 2893 1368 2958 quae
1390 2876 1523 2959 propter
1544 2870 1668 2938 adven-

612 2976 687 3037 tum
710 2994 823 3039 eorum
845 2973 954 3040 fuerat
971 2975 1044 3061 jam
1066 2979 1189 3062 aperta.
1234 2976 1282 3039 At
1303 2974 1354 3039 illi
1376 2997 1435 3061 per
1458 2997 1531 3041 eam
1553 2976 1668 3041 nolue-

613 3080 695 3141 runt
709 3097 821 3141 omnes
843 3077 978 3156 intrare,
994 3075 1052 3143 sed
1066 3077 1229 3143 miserunt
1245 3076 1431 3144 Faloasium
1447 3099 1522 3143 cum
1536 3079 1668 3165 agmine

613 3198 672 3244 suc
695 3182 776 3260 toto,
800 3179 853 3245 cui
875 3186 1024 3266 praeerat,
1047 3185 1081 3246 et
1104 3201 1179 3246 cum
1209 3179 1391 3246 balistariis
1423 3180 1583 3260 omnibus,
1611 3180 1668 3268 qui

613 3286 744 3367 portam
777 3283 924 3348 civitatis
957 3283 1075 3348 saltem
1108 3304 1210 3348 unam
1242 3284 1403 3349 exercitui
1436 3284 1666 3371 patefacerent

614 3383 743 3450 Deinde
776 3385 884 3450 omnis
914 3384 1096 3451 multitudo
1131 3386 1174 3449 ad
1207 3391 1339 3473 portam
1373 3408 1408 3450 se
1442 3387 1668 3471 aquilonarem

613 3487 788 3564 conferens,
804 3487 896 3553 illam
911 3488 1115 3576 confi-ingere
1129 3489 1271 3554 vacavit.
1309 3489 1344 3553 N
1345 3512 1381 3555 ec
1398 3494 1533 3577 propter
1548 3487 1669 3575 [baec]⁶

613 3590 752 3656 barones
785 3591 957 3656 cessabant
991 3591 1032 3657 de
1065 3590 1220 3678 petrariis
1256 3591 1300 3657 ad
1337 3592 1507 3657 castellum
1543 3591 1669 3678 lapides

613 3695 764 3760 emittere
798 3696 1003 3783 ponderosos.
1060 3694 1128 3762 Sed
1155 3693 1323 3761 Falccsius
1355 3695 1491 3760 interim
1524 3699 1669 3761 castmm

613 3818 688 3862 cum
719 3797 859 3884 agmine,
892 3797 946 3863 cui
977 3802 1126 3886 praeerat,
1161 3820 1200 3863 ao
1229 3797 1407 3864 balistariis
1433 3796 1585 3863 omnibus
1617 3797 1668 3861 in-

612 3921 750 3986 gressus,
773 3900 894 3966 statuit
924 3921 978 3966 eos
1009 3921 1108 3987 super
1141 3920 1252 3966 muros
1284 3900 1455 3966 domorum
1478 3904 1513 3966 et
1535 3899 1572 3964 in
1593 3920 1668 3987 pro·

613 4001 807 4090 pugnaculis
830 4002 938 4079 castri,
962 4001 1021 4089 qui
1041 4001 1118 4068 ilico
1140 4002 1209 4068 tela
1228 4002 1401 4068 mortifera
1423 4003 1460 4067 in
1483 4001 1669 4068 dextrarios

613 4104 775 4170 baronum
797 4104 986 4193 dirigentes,
1009 4126 1109 4191 equos
1141 4126 1217 4171 cum
1247 4106 1462 4173 assessoribus
1495 4107 1564 4172 suis
1594 4127 1668 4194 pro·

616 4213 814 4274 straverunt.
869 4207 993 4274 Videns
1029 4213 1142 4284 autern
1177 4208 1346 4275 Falcasius
1378 4231 1421 4275 ex
1454 4208 1669 4274 nobilioribus

615 4310 877 4376 adversariorum
907 4333 1041 4376 suorum
1071 4309 1231 4398 plurimos
1263 4311 1300 4376 in
1330 4316 1453 4377 terram
1476 4315 1668 4399 prostratos,

615 4413 768 4499 prorupit
790 4413 831 4478 de
853 4418 961 4480 castro
982 4436 1057 4480 cum
1080 4413 1149 4480 suis
1170 4413 1328 4480 audacter
1357 4414 1394 4480 in
1420 4414 1567 4480 medium
1596 4413 1670 4478 hos-

616 4515 724 4596 tium3
746 4515 805 4580 sed
827 4514 870 4581 ab
891 4517 1094 4583 irruentibus
1116 4517 1153 4581 in
1176 4538 1251 4583 eum
1273 4516 1459 4604 legionibus
1482 4522 1597 4604 captus
1619 4520 1671 4580 est

617 4623 653 4684 et
686 4617 858 4696 abductus,
892 4619 995 4686 donec
1027 4641 1086 4708 per
1121 4620 1323 4708 probitatem
1352 4619 1603 4692 ¹balistariorum
1632 4638 1670 4682 ac

652 4817 823 4883 ¹imminebat]
843 4817 972 4879 iminebat,
983 4817 1040 4869 MS.
1201 4818 1252 4884 ³a]
1273 4818 1394 4884 supplied
1405 4817 1471 4868 from
1481 4818 1524 4870 W.
1535 4818 1567 4870 B.
1579 4816 1608 4870 C.

651 4897 888 4990 ²W⁰PW⁸⁸J
919 4896 975 4949 The
1001 4898 1050 4948 lm
1071 4899 1124 4990 ⁸5}
1201 4938 1345 5004 ⁴copaitas]
1364 4935 1507 5004 congnitus,
1519 4935 1575 4987 MS.

620 4977 685 5029 lable
701 4993 723 5026 rs
740 4992 773 5027 on
791 4993 824 5027 an
841 4992 948 5039 mure,
965 4977 1017 5029 end
1031 4994 1085 5030 cun
1102 4994 1123 5029 rs

619 5055 763 5109 interlined.
798 5056 862 5108 This
873 5055 1014 5109 artemon
1031 5056 1055 5109 is
1069 5057 1124 5109 also
1204 5055 1288 5123 'toec]
1308 5055 1430 5122 Supplied
1440 5055 1506 5106 from
1516 5052 1592 5107 Ἡ

620 5137 736 5199 repeated
746 5135 774 5186 in
785 5135 829 5188 the
840 5134 947 5202 margia

1472 5232 1539 5294 οἳ
