4517 6425
660 1177 724 1241 234
785 1191 950 1241 MAT'I‘HAEI
975 1191 1189 1241 PARISIENSIS
1212 1192 1377 1241 HISTORIA
1399 1187 1597 1241 ANGLORUM.

491 1372 561 1422 nn.
575 1378 646 1426 1219.
659 1365 883 1452 interpretem,
897 1366 1198 1433 intervenientibus
1213 1364 1347 1447 amici8,¹
1364 1365 1525 1431 liberatus
1548 1370 1599 1431 est
1620 1387 1713 1431 accu-

660 1474 761 1536 satus.

674 1699 725 1767 De
757 1709 857 1789 peste,
888 1726 958 1791 que
994 1702 1232 1791 afflipebcatcr
1268 1701 1403 1771 iactari
1440 1702 1483 1770 in
1520 1701 1603 1769 urbe
1631 1699 1702 1768 Da-

1128 1806 1251 1874 mistae.

491 1968 547 2018 'rhe
559 1969 611 2033 city
623 1969 653 2020 of
706 1954 806 2021 Nunc
831 1961 944 2022 autem
968 1956 1009 2022 de
1031 1956 1104 2036 hiis,
1119 1978 1194 2044 quae
1216 1957 1253 2021 in
1275 1956 1415 2022 civitate
1430 1954 1597 2021 Damiatae
1619 1959 1713 2042 gesta
1726 1967 1882 2045 seguono.

490 2036 632 2153 fflffi
660 2063 748 2140 sunt,
772 2058 899 2145 aliquid
913 2059 1098 2126 referamus.
1137 2060 1292 2125 Damiata
1305 2060 1410 2147 igitur
1432 2059 1601 2125 obsidione
1615 2057 1714 2145 longa
1759 2049 1793 2083 Π·
1807 2039 1846 2085 ⁵⁶·

490 2168 639 2234 1111119811-
660 2167 695 2226 et
716 2162 904 2249 irrequieta,
918 2162 1012 2242 ferro,
1028 2162 1122 2242 fame,
1139 2163 1281 2228 flammis
1296 2167 1331 2229 et
1353 2162 1544 2250 pestilentia
1566 2161 1714 2249 graviter

490 2235 568 2286 lenes.
659 2271 694 2330 et
716 2264 806 2330 ultra
831 2287 930 2351 quam
953 2266 1041 2332 credi
1064 2266 1169 2354 possit
1190 2272 1251 2331 aut
1274 2266 1381 2344 scribi,
1406 2266 1525 2331 attrita
1551 2270 1601 2330 est
1627 2264 1713 2330 inte-

658 2367 727 2432 rius
750 2374 785 2434 et
807 2367 931 2435 afflicta
945 2394 953 2449 ;
976 2370 1012 2433 in
1027 2391 1084 2456 spe
1099 2370 1170 2435 sola
1183 2369 1283 2434 fidem
1298 2368 1427 2447 habuit,
1442 2368 1531 2456 quod
1547 2367 1712 2434 Soldanus
1724 2380 1741 2434 .’

658 2470 828 2537 Babilonis
854 2472 983 2538 civibus
1009 2478 1098 2539 certe
1124 2472 1286 2561 promisit,
1319 2476 1360 2537 ut
1390 2494 1450 2559 pro
1483 2472 1538 2555 eis,
1566 2472 1594 2536 si
1616 2477 1712 2538 tanta

657 2574 799 2640 instaret
815 2576 1020 2656 necessitas,
1067 2598 1143 2641 cum
1175 2574 1376 2642 Christianis
1413 2580 1632 2662 componeret,
1672 2580 1710 2641 ut

658 2677 776 2743 saltem
798 2684 938 2745 mortem
961 2678 1099 2745 evadere
1120 2679 1315 2767 potuissent.
1360 2677 1427 2745 Sed
1458 2678 1593 2744 interim
1615 2684 1711 2745 tanta

658 2780 761 2846 fames
783 2780 819 2844 in
841 2780 923 2847 urbe
945 2781 1147 2870 generaliter
1172 2782 1327 2860 invaluit,
1350 2789 1389 2848 ut
1411 2804 1517 2847 unum
1538 2786 1711 2848 coctanum

658 2882 714 2948 xii.
729 2882 887 2950 bisanciis
901 2886 1109 2952 venderetur.
1156 2886 1302 2951 Annona
1324 2885 1466 2972 quidem,
1484 2907 1584 2972 quam
1607 2884 1730 2950 habu.

658 2994 762 3064 erant,
798 3009 930 3055 mucore
960 2988 1224 3069 consumebatur,
1255 3010 1316 3054 nec
1345 2989 1514 3055 audebant
1553 3010 1729 3075 pauperes.

659 3090 758 3171 exire,
783 3111 826 3156 ne
848 3090 1004 3178 inopiam,
1030 3113 1130 3179 quam
1154 3091 1273 3157 inclusi
1287 3091 1486 3172 tolerabant,
1513 3090 1731 3158 Christianis.

659 3197 858 3261 enarrarent.
895 3194 1070 3280 ,Praeterea
1092 3194 1215 3261 amisia
1236 3194 1517 3283 percutiebantur,
1533 3217 1574 3260 ne
1590 3194 1713 3283 apertis

660 3296 762 3362 oculis
784 3303 920 3384 possent
942 3297 1064 3372 videre.
1111 3298 1276 3378 Ceterum,
1294 3297 1394 3365 Nilus
1416 3320 1484 3364 non
1507 3302 1590 3364 tune
1604 3321 1713 3364 ascen-

660 3399 719 3478 dit,
748 3406 788 3464 ut
821 3407 943 3466 terram
976 3401 1130 3490 irrigaret
1161 3406 1195 3468 et
1226 3400 1440 3481 foecundaret,
1467 3406 1507 3466 ut
1538 3403 1713 3467 annuatim

659 3501 810 3585 solebat3
845 3503 934 3574 unde
956 3509 1047 3570 terra
1078 3505 1163 3570 sicca
1200 3525 1261 3570 nec
1292 3527 1327 3570 se
1358 3527 1454 3592 passa
1476 3509 1527 3571 est
1549 3506 1637 3571 arari
1659 3506 1714 3570 vel

659 3606 823 3687 seminari,
848 3629 909 3673 nec
931 3607 1051 3672 habuit
1072 3608 1127 3673 vel
1151 3608 1240 3695 pacis
1265 3608 1320 3673 vel
1345 3607 1493 3674 humoris
1517 3608 1713 3674 alimentum

660 3709 714 3774 vel
740 3709 901 3776 solatium
948 3710 1049 3776 Unde
1075 3710 1240 3776 Soldanus
1265 3709 1387 3776 famem
1413 3711 1535 3777 timens
1558 3712 1712 3790 validam,

660 3834 771 3878 amore
808 3813 991 3879 retinendae
1028 3812 1204 3894 Damiatae,
1239 3836 1313 3881 cum
1349 3813 1545 3880 Christianis
1577 3815 1711 3902 pacifice

660 3937 853 4004 componere
875 3915 1056 4004 satagebat.
1102 3917 1211 3982 Auxit
1225 3918 1326 3982 etiam
1349 3917 1392 3983 ad
1413 3916 1620 4004 propositum
1636 3918 1711 3996 tale,

660 4017 864 4085 secundum²
897 4025 1027 4106 partem
1065 4042 1134 4086 non
1164 4021 1345 4101 minimam,
1378 4020 1573 4086 miraculosa
1610 4023 1711 4087 turris

660 4122 858 4210 subjugatio,
882 4129 917 4188 et
941 4121 1207 4188 Christianorum
1240 4123 1404 4190 indefessa
1433 4122 1610 4210 proeliandi
1636 4147 1711 4190 con-

660 4224 792 4303 stantia,
828 4222 885 4310 qui
923 4225 1048 4291 totiens
1077 4248 1154 4292 cum
1190 4225 1369 4292 admodum
1407 4226 1520 4313 paucis
1558 4226 1711 4293 fidelibus

661 4348 792 4392 omnem
806 4327 989 4415 paganismi
1005 4328 1238 4395 fortitudinem
1264 4330 1420 4396 audacter
1440 4329 1646 4410 invadentes,
1669 4331 1709 4396 de
1721 4345 1879 4410 Regressa.

660 4429 777 4516 proelio
800 4431 907 4496 multa
927 4431 1022 4497 milia
1042 4433 1154 4498 exeis
1180 4432 1381 4521 fugaverunt
1406 4438 1467 4500 aut
1492 4419 1709 4522 peremerunt
1754 4411 1789 4462 iv.
1803 4417 1841 4465 ⁵⁷·

661 4532 737 4599 Hoc
758 4556 888 4622 quoque
902 4557 1001 4616 anno,
1016 4557 1090 4601 cum
1113 4535 1156 4600 lis
1180 4535 1385 4624 dampnosa⁸
1400 4544 1493 4603 mota
1514 4542 1600 4604 esset
1622 4538 1729 4610 inter,

661 4637 829 4705 ecclesiam
866 4637 1131 4706 Lincolniensem
1162 4645 1196 4705 et
1225 4640 1393 4706 ecclesiam
1428 4641 1543 4707 Sancti
1578 4641 1729 4719 Albani„

695 4918 813 4985 ¹cmr'cis]
834 4920 875 4970 On
886 4934 919 4969 sn
930 4932 1039 4970 erasure.
1208 4934 1313 4985 appears
1331 4927 1357 4972 to
1372 4923 1440 4982 read,
1451 4921 1517 4986 qaod
1532 4923 1611 4986 pauci
1625 4921 1710 4973 Obb-

692 4998 854 5063 Ι’ἐσοιιιιᾰιιιυῇ
874 4998 967 5049 Added
981 4999 1099 5065 iumarg.
1133 4999 1159 5048 A
1208 5001 1493 5066 ciani...peremerunt.

660 5079 777 5129 nolebas
796 5080 850 5129 also
868 5080 932 5129 been
951 5079 1051 5130 written
1069 5080 1096 5128 in
1116 5080 1160 5130 the
1240 5079 1407 5146 'dampnum
1428 5083 1545 5147 dapuosa,
1558 5083 1614 5135 MS.

660 5158 1159 5224 margin,butasterwardserased,whioh
