4517 6425
616 1171 658 1234 68
755 1181 921 1240 usurum
944 1178 1159 1232 raarsmums
1181 1176 1345 1229 merome
1367 1174 1568 1229 Arsaosuu.

448 1475 518 1527 Ap.
532 1476 604 1524 uae.
720 1455 770 1523 Dc
793 1454 1040 1523 consecratione
1063 1454 1292 1542 qrwrumdom
1316 1452 1568 1541 cpiscoporum}

450 1624 588 1675 Consecu-
663 1604 725 1670 Per
746 1606 834 1670 idem
865 1610 1005 1692 tempus,
1035 1604 1212 1670 Dominica
1242 1626 1308 1691 qua
1329 1610 1485 1670 cantetur
1509 1614 1526 1640 “
1540 1604 1667 1671 Laetare
1680 1616 1844 1696 Repwene.

450 1687 605 1820 ξζζοῖξὲξθ
617 1707 830 1787 Jerusalem?
854 1707 1060 1784 Eustachius,
1078 1706 1328 1772 Sareshiriensis
1350 1708 1501 1787 decanus
1517 1707 1670 1794 Elyensis
1708 1699 1745 1735 ¹¹¹·
1760 1689 1815 1736 ¹²⁸·

451 1825 562 1889 Erymo
618 1811 826 1897 episcopatus
849 1833 970 1875 munus
986 1809 1291 1897 [consecrationis]²
1306 1811 1441 1899 accepit,
1456 1832 1515 1897 per
1536 1833 1671 1875 manum

452 1892 589 2024 ⁰⁰32&
620 1913 808 2001 H[uberti],
838 1912 1087 1979 Canthariensis
1119 1913 1362 2001 archiepiscopi,
1394 1913 1483 2000 apud
1509 1912 1697 1978 Westmo·'

469 1981 484 2025 ⁸
527 1988 569 2024 Μ
589 2010 595 2023 ’
619 2016 810 2083 casterium.
858 2016 987 2081 Deinde
1011 2014 1201 2095 (laufridus,
1227 2016 1462 2082 Coventrensis
1484 2015 1615 2093 electus,
1630 2014 1698 2079 ab'

470 2148 500 2193 m
514 2141 592 2192 June.
620 2120 735 2186 eodem
749 2119 993 2207 archiepiscopo
1017 2124 1227 2185 consecratus
1249 2126 1301 2186 est
1322 2119 1382 2186 xio.
1404 2119 1565 2185 kalendas
1579 2117 1673 2184 Julii.

478 2243 588 2308 toury.
621 2222 695 2303 Quo
727 2222 829 2288 etiam
862 2230 1018 2309 tempore,
1043 2222 1166 2289 scilicet
1200 2221 1275 2287 idus
1301 2222 1393 2299 Maii,
1422 2222 1510 2309 pluit
1540 2221 1674 2308 sanguis

431 2350 433 2355 ·
454 2331 559 2380 shower
570 2326 600 2375 of
620 2325 771 2390 undatim
794 2347 893 2413 super
917 2324 1120 2390 aedificantes
1142 2325 1261 2390 turrim
1283 2326 1375 2412 apud
1396 2324 1616 2390 Andeliacum
1639 2324 1675 2388 in

453 2397 565 2516 mit
619 2427 833 2504 Normannie‚
865 2433 1014 2506 mortem,
1038 2433 1078 2495 ut
1100 2427 1255 2508 creditur,
1279 2428 1365 2515 regis
1390 2428 1523 2494 Ricardi
1547 2429 1674 2493 denun-

455 2553 582 2618 Geomey,
619 2530 711 2594 ciens
730 2530 765 2594 in
788 2530 884 2595 brevi
899 2530 1057 2597 suturam.
1103 2530 1182 2597 Hiis
1204 2552 1333 2618 quoque
1356 2531 1472 2596 diebus
1488 2530 1699 2607 Gaufridus,'

454 2622 568 2747 {ms
621 2633 837 2701 Eboracensis
859 2633 1129 2720 archiepiscopus
1144 2634 1213 2721 regi
1230 2634 1370 2700 Ricardo
1393 2641 1429 2701 et
1443 2634 1540 2700 fratri
1564 2657 1623 2699 suo
1638 2634 1674 2697 in
1694 2639 1699 2648 '

455 2754 597 2806 reconeued
621 2736 832 2802 Normannia
856 2736 1048 2823 pacificatus
1078 2743 1136 2803 est
1193 2738 1276 2803 Erat
1308 2737 1397 2801 enim
1427 2742 1609 2803 commotus
1639 2736 1675 2801 in

454 2822 574 2942 ‘l‘gffi
621 2860 705 2917 eum,
737 2844 873 2926 propter
907 2838 1126 2925 dejectionem
1162 2838 1349 2906 cancellarii
1387 2840 1439 2904 sui
1476 2839 1698 2926 W[illelmi],'

623 2942 702 3007 dum
725 2940 813 3007 idem
835 2963 896 3006 rex
919 2941 962 3007 ab
984 2942 1181 3032 imperatore
1204 2942 1240 3011 iu
1262 2940 1403 3011 vinculis
1425 2948 1600 3009 teneretur.

646 3233 687 3298 H
689 3232 865 3323 [abortiret
890 3234 1156 3303 desecatam
1177 3235 1460 3326 archiepiscopus,
1484 3236 1525 3304 oh
1548 3236 1655 3327 officio
1696 3258 1702 3269 ·

920 3337 1130 3424 justiciarioe
1154 3346 1287 3407 auectus
1318 3347 1370 3407 eet.

669 3484 766 3551 Circa
788 3487 859 3552 dies
885 3485 985 3553 illos³
1000 3488 1147 3554 surrexit
1168 3487 1326 3554 dissensio
1349 3489 1439 3554 iuter
1462 3489 1845 3578 archiepisco-Quem.

622 3571 1836 3769 Maielli

484 3730 499 3762 u
556 3750 563 3772 ‚
1025 3748 1033 3773 ,
1394 3748 1403 3776 ‚
1744 3742 1750 3754 ·
1839 3745 1845 3756 ·

455 3780 591 3896 ffiffif
624 3795 785 3881 capellam
807 3795 896 3863 idem
919 3717 1180 3885 archiepiicogus
1202 3798 1269 3864 ad⁴
1302 3719 1465 3864 cautelaiir
1487 3797 1674 3885 appellavit,
1688 3860 1695 3872 ,
1711 3771 1748 3823 ffi·
1763 3776 1818 3824 ¹²⁹·

455 3913 581 3991 thenoly
625 3896 804 3963 Londoniis
824 3900 914 3986 apud
935 3899 1176 3966 Lamhethiam.
1214 3900 1390 3966 Timebant
1410 3900 1499 3965 enim
1514 3901 1675 3980 monachi,

455 3979 566 4097 ἓξὲξ
624 3999 704 4085 quia
725 4000 787 4065 hoc
808 4002 930 4087 passim
954 4002 1133 4081 dicebatur,
1149 4008 1184 4069 et
1206 4003 1307 4069 etiam
1325 4005 1394 4090 ipse
1417 4002 1694 4091 archiepiscopus.

455 4115 527 4178 bury.
623 4103 684 4168 hoc
707 4104 937 4172 comminando
964 4112 1155 4186 asseruerat,
1179 4126 1222 4170 ne
1244 4105 1354 4172 sedem
1383 4104 1462 4171 illuc
1483 4105 1693 4174 transferret.

623 4204 855 4283 cathedralem,
873 4210 917 4285 et,
940 4207 1029 4293 quod
1046 4207 1140 4294 pejus
1163 4212 1244 4286 erat,
1267 4209 1303 4273 in
1318 4213 1545 4295 contemptum
1568 4215 1603 4275 et
1617 4209 1692 4276 oh-.

623 4308 793 4393 probrium
826 4309 932 4375 totius
966 4309 1091 4375 ordinis
1124 4311 1309 4389 monastici,
1332 4310 1467 4396 dejectis
1498 4313 1693 4394 monachis„

622 4411 701 4476 illuc
735 4411 907 4477 canonicos
941 4412 1134 4480 institueret
1163 4413 1330 4480 seculares.
1376 4413 1472 4494 Quod
1494 4436 1562 4479 non
1583 4416 1693 4482 sine⁶.

623 4513 746 4600 injuria
783 4514 969 4600 multiplici,
1017 4515 1259 4603 ingratitudine
1304 4538 1434 4603 quoque
1471 4518 1692 4604 eligentium.

625 4623 815 4684 sanctorum
838 4638 968 4707 quoque
990 4619 1027 4685 in
1045 4620 1178 4687 ecclesia
1201 4620 1434 4688 Cantuariensi
1449 4621 1690 4709 plurimorum.

1190 4794 1310 4801 .---—-.

659 4894 711 4945 ¹ln
741 4896 784 4947 the
812 4896 911 4962 margin
939 4911 981 4947 ere
1009 4896 1129 4948 sketched
1206 4897 1295 4965 ’illosJ
1314 4898 1458 4950 Intcrliucd.

625 4978 697 5029 three
709 4978 784 5029 small
795 4977 910 5029 erosiers.
1205 4977 1275 5044 ⁴ad]
1295 4978 1336 5029 On
1348 4993 1380 5028 an
1392 4992 1500 5028 erasure.

659 5057 882 5124 ²conseeratioals]
912 5057 1034 5123 Supplied
1063 5058 1128 5109 from
1204 5056 1360 5118 5ίὶηοιὶηοιι
1373 5057 1438 5123 sine]
1460 5058 1500 5107 On
1513 5072 1545 5108 un
1557 5072 1666 5110 erasure.

627 5138 670 5189 W.
682 5138 713 5187 B.
726 5137 755 5189 C.
1148 5145 1152 5198 l
