<?xml version="1.0" encoding="UTF-8"?>
<!DOCTYPE html PUBLIC "-//W3C//DTD XHTML 1.0 Transitional//EN"
    "http://www.w3.org/TR/xhtml1/DTD/xhtml1-transitional.dtd">
<html xmlns="http://www.w3.org/1999/xhtml" xml:lang="en" lang="en">
 <head>
  <title>
</title>
<meta http-equiv="Content-Type" content="text/html;charset=utf-8" />
  <meta name='ocr-system' content='tesseract 3.04.00' />
  <meta name='ocr-capabilities' content='ocr_page ocr_carea ocr_par ocr_line ocrx_word'/>
</head>
<body>
  <div class='ocr_page' id='page_1' title='image "./matthiparisiens00parigoog/matthiparisiens00parigoog_0437.png"; bbox 0 0 4517 6425; ppageno 0'>
   <div class='ocr_carea' id='block_1_1' title="bbox 698 1188 1608 1262">
    <p class='ocr_par' dir='ltr' id='par_1_1' title="bbox 698 1188 1608 1262">
     <span class='ocr_line' id='line_1_1' title="bbox 698 1188 1608 1262; baseline 0.004 -14"><span class='ocrx_word' id='word_1_1' title='bbox 698 1199 746 1249; x_wconf 85' lang='lat' dir='ltr'>nn</span> <span class='ocrx_word' id='word_1_2' title='bbox 767 1199 926 1251; x_wconf 83' lang='lat' dir='ltr'>rmrroau</span> <span class='ocrx_word' id='word_1_3' title='bbox 948 1199 1051 1250; x_wconf 78' lang='lat' dir='ltr'>aunis</span> <span class='ocrx_word' id='word_1_4' title='bbox 1074 1198 1230 1262; x_wconf 69' lang='lat' dir='ltr'>amaror,</span> <span class='ocrx_word' id='word_1_5' title='bbox 1251 1200 1318 1254; x_wconf 79' lang='lat' dir='ltr'>vla</span> <span class='ocrx_word' id='word_1_6' title='bbox 1340 1201 1465 1253; x_wconf 79' lang='lat' dir='ltr'>ruarn.</span> <span class='ocrx_word' id='word_1_7' title='bbox 1544 1188 1608 1252; x_wconf 75' lang='lat'>425</span> 
     </span>
    </p>
   </div>
   <div class='ocr_carea' id='block_1_2' title="bbox 563 1370 1777 1668">
    <p class='ocr_par' dir='ltr' id='par_1_2' title="bbox 563 1370 1777 1668">
     <span class='ocr_line' id='line_1_2' title="bbox 563 1370 1777 1491; baseline 0 -54"><span class='ocrx_word' id='word_1_8' title='bbox 563 1372 752 1439; x_wconf 86' lang='lat' dir='ltr'>morabatur</span> <span class='ocrx_word' id='word_1_9' title='bbox 796 1394 897 1459; x_wconf 90' lang='lat' dir='ltr'>quam</span> <span class='ocrx_word' id='word_1_10' title='bbox 941 1372 1145 1453; x_wconf 75' lang='lat' dir='ltr'>credebatur,</span> <span class='ocrx_word' id='word_1_11' title='bbox 1189 1372 1314 1439; x_wconf 89' lang='lat' dir='ltr'>novas¹</span> <span class='ocrx_word' id='word_1_12' title='bbox 1360 1370 1611 1491; x_wconf 67' lang='lat' dir='ltr'>procurationes„</span> <span class='ocrx_word' id='word_1_13' title='bbox 1621 1385 1691 1438; x_wconf 68' lang='lat' dir='ltr'>an.</span> <span class='ocrx_word' id='word_1_14' title='bbox 1705 1391 1777 1437; x_wconf 83' lang='lat' dir='ltr'>lasa.</span> 
     </span>
     <span class='ocr_line' id='line_1_3' title="bbox 565 1475 1761 1593; baseline 0.007 -53"><span class='ocrx_word' id='word_1_15' title='bbox 565 1475 656 1540; x_wconf 89' lang='lat' dir='ltr'>Nam</span> <span class='ocrx_word' id='word_1_16' title='bbox 677 1475 835 1563; x_wconf 87' lang='lat' dir='ltr'>magister</span> <span class='ocrx_word' id='word_1_17' title='bbox 857 1475 973 1541; x_wconf 84' lang='lat' dir='ltr'>Simon</span> <span class='ocrx_word' id='word_1_18' title='bbox 994 1475 1215 1554; x_wconf 90' lang='lat' dir='ltr'>Normannus,</span> <span class='ocrx_word' id='word_1_19' title='bbox 1251 1475 1377 1542; x_wconf 92' lang='lat' dir='ltr'>domini</span> <span class='ocrx_word' id='word_1_20' title='bbox 1398 1476 1485 1593; x_wconf 87' lang='lat' dir='ltr'>regis</span> <span class='ocrx_word' id='word_1_21' title='bbox 1510 1476 1611 1563; x_wconf 85' lang='lat' dir='ltr'>speci·</span> <span class='ocrx_word' id='word_1_22' title='bbox 1598 1488 1695 1547; x_wconf 75' lang='lat' dir='ltr'>grant</span> <span class='ocrx_word' id='word_1_23' title='bbox 1703 1497 1761 1547; x_wconf 64' lang='lat' dir='ltr'>pra</span> 
     </span>
     <span class='ocr_line' id='line_1_4' title="bbox 565 1548 1748 1668; baseline 0.001 -24"><span class='ocrx_word' id='word_1_24' title='bbox 565 1579 659 1644; x_wconf 90' lang='lat' dir='ltr'>alis</span> <span class='ocrx_word' id='word_1_25' title='bbox 644 1602 715 1665; x_wconf 84' lang='lat' dir='ltr'>Jam</span> <span class='ocrx_word' id='word_1_26' title='bbox 737 1579 949 1657; x_wconf 79' lang='lat' dir='ltr'>consiliarius,</span> <span class='ocrx_word' id='word_1_27' title='bbox 963 1601 1005 1645; x_wconf 86' lang='lat' dir='ltr'>ex</span> <span class='ocrx_word' id='word_1_28' title='bbox 1019 1584 1183 1668; x_wconf 81' lang='lat' dir='ltr'>praecepto</span> <span class='ocrx_word' id='word_1_29' title='bbox 1206 1579 1352 1665; x_wconf 90' lang='lat' dir='ltr'>ejusdem</span> <span class='ocrx_word' id='word_1_30' title='bbox 1375 1580 1462 1666; x_wconf 88' lang='lat' dir='ltr'>regis</span> <span class='ocrx_word' id='word_1_31' title='bbox 1486 1548 1748 1667; x_wconf 57' lang='lat' dir='ltr'>mmmiodtdld</span> 
     </span>
    </p>
   </div>
   <div class='ocr_carea' id='block_1_3' title="bbox 410 1682 1759 2392">
    <p class='ocr_par' dir='ltr' id='par_1_3' title="bbox 564 1682 1688 1801">
     <span class='ocr_line' id='line_1_5' title="bbox 564 1682 1688 1801; baseline 0.003 -56"><span class='ocrx_word' id='word_1_32' title='bbox 564 1682 673 1800; x_wconf 90' lang='lat' dir='ltr'>legati</span> <span class='ocrx_word' id='word_1_33' title='bbox 701 1683 895 1801; x_wconf 82' lang='lat' dir='ltr'>ampliorem</span> <span class='ocrx_word' id='word_1_34' title='bbox 923 1687 1163 1770; x_wconf 73' lang='lat' dir='ltr'>procuraverat.</span> <span class='ocrx_word' id='word_1_35' title='bbox 1225 1682 1477 1770; x_wconf 81' lang='lat' dir='ltr'>Responderunt</span> <span class='ocrx_word' id='word_1_36' title='bbox 1507 1682 1655 1769; x_wconf 74' lang='lat' dir='ltr'>igiturra</span> <span class='ocrx_word' id='word_1_37' title='bbox 1640 1690 1688 1734; x_wconf 74' lang='lat' dir='ltr'>ate.</span> 
     </span>
    </p>

    <p class='ocr_par' dir='ltr' id='par_1_4' title="bbox 564 1784 1613 1873">
     <span class='ocr_line' id='line_1_6' title="bbox 564 1784 1613 1873; baseline 0.001 -23"><span class='ocrx_word' id='word_1_38' title='bbox 564 1786 712 1850; x_wconf 88' lang='lat' dir='ltr'>universi</span> <span class='ocrx_word' id='word_1_39' title='bbox 733 1786 853 1873; x_wconf 86' lang='lat' dir='ltr'>legato,</span> <span class='ocrx_word' id='word_1_40' title='bbox 877 1784 966 1870; x_wconf 93' lang='lat' dir='ltr'>quod</span> <span class='ocrx_word' id='word_1_41' title='bbox 992 1784 1115 1850; x_wconf 86' lang='lat' dir='ltr'>totiens</span> <span class='ocrx_word' id='word_1_42' title='bbox 1140 1785 1229 1851; x_wconf 89' lang='lat' dir='ltr'>bona</span> <span class='ocrx_word' id='word_1_43' title='bbox 1252 1785 1394 1852; x_wconf 86' lang='lat' dir='ltr'>ecclesiae</span> <span class='ocrx_word' id='word_1_44' title='bbox 1416 1785 1613 1851; x_wconf 79' lang='lat' dir='ltr'>exhauserat</span> 
     </span>
    </p>

    <p class='ocr_par' dir='ltr' id='par_1_5' title="bbox 410 1887 1613 2079">
     <span class='ocr_line' id='line_1_7' title="bbox 565 1887 1613 1975; baseline -0.002 -21"><span class='ocrx_word' id='word_1_45' title='bbox 565 1889 714 1954; x_wconf 87' lang='lat' dir='ltr'>Romana</span> <span class='ocrx_word' id='word_1_46' title='bbox 735 1888 930 1975; x_wconf 86' lang='lat' dir='ltr'>indigentia,</span> <span class='ocrx_word' id='word_1_47' title='bbox 954 1888 1043 1974; x_wconf 90' lang='lat' dir='ltr'>quod</span> <span class='ocrx_word' id='word_1_48' title='bbox 1065 1887 1297 1975; x_wconf 78' lang='lat' dir='ltr'>aequanimiter</span> <span class='ocrx_word' id='word_1_49' title='bbox 1326 1888 1468 1975; x_wconf 87' lang='lat' dir='ltr'>amplius</span> <span class='ocrx_word' id='word_1_50' title='bbox 1497 1890 1613 1975; x_wconf 91' lang='lat' dir='ltr'>nequi-</span> 
     </span>
     <span class='ocr_line' id='line_1_8' title="bbox 410 1991 1612 2079; baseline 0.001 -22"><span class='ocrx_word' id='word_1_51' title='bbox 410 1996 684 2072; x_wconf 60' lang='lat' dir='ltr'>s0L129gverant</span> <span class='ocrx_word' id='word_1_52' title='bbox 707 1992 853 2058; x_wconf 81' lang='lat' dir='ltr'>tolerare.</span> <span class='ocrx_word' id='word_1_53' title='bbox 908 1992 1052 2078; x_wconf 86' lang='lat' dir='ltr'>Legatus</span> <span class='ocrx_word' id='word_1_54' title='bbox 1076 1991 1189 2078; x_wconf 83' lang='lat' dir='ltr'>igitur,</span> <span class='ocrx_word' id='word_1_55' title='bbox 1218 2013 1292 2057; x_wconf 91' lang='lat' dir='ltr'>cum</span> <span class='ocrx_word' id='word_1_56' title='bbox 1315 1997 1400 2058; x_wconf 87' lang='lat' dir='ltr'>esset</span> <span class='ocrx_word' id='word_1_57' title='bbox 1425 1993 1556 2079; x_wconf 88' lang='lat' dir='ltr'>patiens</span> <span class='ocrx_word' id='word_1_58' title='bbox 1578 1995 1612 2058; x_wconf 87' lang='lat' dir='ltr'>et</span> 
     </span>
    </p>

    <p class='ocr_par' dir='ltr' id='par_1_6' title="bbox 564 2094 1612 2183">
     <span class='ocr_line' id='line_1_9' title="bbox 564 2094 1612 2183; baseline 0.002 -24"><span class='ocrx_word' id='word_1_59' title='bbox 564 2095 740 2173; x_wconf 88' lang='lat' dir='ltr'>modestus,</span> <span class='ocrx_word' id='word_1_60' title='bbox 763 2095 906 2182; x_wconf 90' lang='lat' dir='ltr'>impetus</span> <span class='ocrx_word' id='word_1_61' title='bbox 927 2094 1006 2160; x_wconf 86' lang='lat' dir='ltr'>talis</span> <span class='ocrx_word' id='word_1_62' title='bbox 1031 2094 1303 2160; x_wconf 86' lang='lat' dir='ltr'>contradictionis</span> <span class='ocrx_word' id='word_1_63' title='bbox 1318 2095 1498 2183; x_wconf 83' lang='lat' dir='ltr'>prudenter</span> <span class='ocrx_word' id='word_1_64' title='bbox 1513 2097 1612 2161; x_wconf 79' lang='lat' dir='ltr'>emol-</span> 
     </span>
    </p>

    <p class='ocr_par' dir='ltr' id='par_1_7' title="bbox 562 2197 1759 2285">
     <span class='ocr_line' id='line_1_10' title="bbox 562 2197 1759 2285; baseline 0.003 -23"><span class='ocrx_word' id='word_1_65' title='bbox 562 2198 646 2264; x_wconf 82' lang='lat' dir='ltr'>livit</span> <span class='ocrx_word' id='word_1_66' title='bbox 692 2198 739 2262; x_wconf 88' lang='lat' dir='ltr'>Et</span> <span class='ocrx_word' id='word_1_67' title='bbox 752 2198 837 2263; x_wconf 88' lang='lat' dir='ltr'>circa</span> <span class='ocrx_word' id='word_1_68' title='bbox 859 2198 973 2263; x_wconf 88' lang='lat' dir='ltr'>eadem</span> <span class='ocrx_word' id='word_1_69' title='bbox 995 2202 1146 2285; x_wconf 89' lang='lat' dir='ltr'>tempora</span> <span class='ocrx_word' id='word_1_70' title='bbox 1168 2197 1356 2284; x_wconf 84' lang='lat' dir='ltr'>pluviarum</span> <span class='ocrx_word' id='word_1_71' title='bbox 1378 2198 1612 2270; x_wconf 87' lang='lat' dir='ltr'>inundationes</span> <span class='ocrx_word' id='word_1_72' title='bbox 1622 2203 1759 2283; x_wconf 63' lang='lat' dir='ltr'>moesiae</span> 
     </span>
    </p>

    <p class='ocr_par' dir='ltr' id='par_1_8' title="bbox 562 2286 1699 2392">
     <span class='ocr_line' id='line_1_11' title="bbox 562 2286 1699 2392; baseline -0.002 -26"><span class='ocrx_word' id='word_1_73' title='bbox 562 2323 654 2388; x_wconf 88' lang='lat' dir='ltr'>spem</span> <span class='ocrx_word' id='word_1_74' title='bbox 674 2300 807 2389; x_wconf 79' lang='lat' dir='ltr'>frugum</span> <span class='ocrx_word' id='word_1_75' title='bbox 828 2305 1086 2388; x_wconf 84' lang='lat' dir='ltr'>praeconceptam</span> <span class='ocrx_word' id='word_1_76' title='bbox 1109 2300 1309 2392; x_wconf 63' lang='lat' dir='ltr'>denegavit?</span> <span class='ocrx_word' id='word_1_77' title='bbox 1622 2286 1699 2323; x_wconf 68' lang='lat'>&#39;⁸¹⁰⁸‘</span> 
     </span>
    </p>
   </div>
   <div class='ocr_carea' id='block_1_4' title="bbox 656 2523 1523 2612">
    <p class='ocr_par' dir='ltr' id='par_1_9' title="bbox 656 2523 1523 2612">
     <span class='ocr_line' id='line_1_12' title="bbox 656 2523 1523 2612; baseline -0.001 -19"><span class='ocrx_word' id='word_1_78' title='bbox 656 2524 808 2606; x_wconf 70' lang='lat' dir='ltr'>litoreas,</span> <span class='ocrx_word' id='word_1_79' title='bbox 830 2546 936 2593; x_wconf 75' lang='lat' dir='ltr'>cornea</span> <span class='ocrx_word' id='word_1_80' title='bbox 956 2524 1145 2607; x_wconf 75' lang='lat' dir='ltr'>Flaadrtoe,</span> <span class='ocrx_word' id='word_1_81' title='bbox 1167 2524 1262 2591; x_wconf 80' lang='lat' dir='ltr'>veuit</span> <span class='ocrx_word' id='word_1_82' title='bbox 1283 2523 1328 2592; x_wconf 80' lang='lat' dir='ltr'>isa</span> <span class='ocrx_word' id='word_1_83' title='bbox 1341 2524 1523 2612; x_wconf 72' lang='lat' dir='ltr'>Aapla&#39;am.</span> 
     </span>
    </p>
   </div>
   <div class='ocr_carea' id='block_1_5' title="bbox 562 2675 1770 3689">
    <p class='ocr_par' dir='ltr' id='par_1_10' title="bbox 562 2675 1770 3175">
     <span class='ocr_line' id='line_1_13' title="bbox 610 2675 1753 2764; baseline -0.002 -21"><span class='ocrx_word' id='word_1_84' title='bbox 610 2676 706 2743; x_wconf 82' lang='lat' dir='ltr'>Circa</span> <span class='ocrx_word' id='word_1_85' title='bbox 727 2676 848 2743; x_wconf 78' lang='lat' dir='ltr'>festum</span> <span class='ocrx_word' id='word_1_86' title='bbox 870 2698 949 2743; x_wconf 88' lang='lat' dir='ltr'>vero</span> <span class='ocrx_word' id='word_1_87' title='bbox 964 2676 1212 2764; x_wconf 86' lang='lat' dir='ltr'>Assumptionis</span> <span class='ocrx_word' id='word_1_88' title='bbox 1233 2676 1340 2743; x_wconf 83' lang='lat' dir='ltr'>beatae</span> <span class='ocrx_word' id='word_1_89' title='bbox 1355 2675 1503 2764; x_wconf 85' lang='lat' dir='ltr'>Virginis</span> <span class='ocrx_word' id='word_1_90' title='bbox 1518 2677 1613 2744; x_wconf 91' lang='lat' dir='ltr'>venit</span> <span class='ocrx_word' id='word_1_91' title='bbox 1642 2695 1671 2740; x_wconf 87' lang='lat'>15</span> <span class='ocrx_word' id='word_1_92' title='bbox 1683 2689 1753 2756; x_wconf 77' lang='lat' dir='ltr'>Aug.</span> 
     </span>
     <span class='ocr_line' id='line_1_14' title="bbox 562 2779 1770 2868; baseline 0.001 -23"><span class='ocrx_word' id='word_1_93' title='bbox 562 2780 600 2846; x_wconf 91' lang='lat' dir='ltr'>in</span> <span class='ocrx_word' id='word_1_94' title='bbox 614 2780 772 2868; x_wconf 85' lang='lat' dir='ltr'>Angliam</span> <span class='ocrx_word' id='word_1_95' title='bbox 787 2801 895 2848; x_wconf 91' lang='lat' dir='ltr'>comes</span> <span class='ocrx_word' id='word_1_96' title='bbox 910 2779 1078 2846; x_wconf 84' lang='lat' dir='ltr'>Fiandriae</span> <span class='ocrx_word' id='word_1_97' title='bbox 1091 2779 1258 2859; x_wconf 76' lang='lat' dir='ltr'>Thomas,a</span> <span class='ocrx_word' id='word_1_98' title='bbox 1272 2780 1454 2846; x_wconf 88' lang='lat' dir='ltr'>avunculus</span> <span class='ocrx_word' id='word_1_99' title='bbox 1469 2780 1703 2868; x_wconf 71' lang='lat' dir='ltr'>reginae.⁴Arriv</span> <span class='ocrx_word' id='word_1_100' title='bbox 1686 2782 1728 2832; x_wconf 75' lang='lat' dir='ltr'>val</span> <span class='ocrx_word' id='word_1_101' title='bbox 1739 2783 1770 2832; x_wconf 81' lang='lat' dir='ltr'>0f</span> 
     </span>
     <span class='ocr_line' id='line_1_15' title="bbox 566 2848 1742 2972; baseline 0.001 -23"><span class='ocrx_word' id='word_1_102' title='bbox 566 2883 630 2949; x_wconf 84' lang='lat' dir='ltr'>Cui</span> <span class='ocrx_word' id='word_1_103' title='bbox 651 2883 848 2949; x_wconf 85' lang='lat' dir='ltr'>adventanti</span> <span class='ocrx_word' id='word_1_104' title='bbox 870 2883 1012 2950; x_wconf 90' lang='lat' dir='ltr'>occurrit</span> <span class='ocrx_word' id='word_1_105' title='bbox 1043 2905 1103 2949; x_wconf 85' lang='lat' dir='ltr'>rex</span> <span class='ocrx_word' id='word_1_106' title='bbox 1124 2881 1357 2972; x_wconf 61' lang='lat' dir='ltr'>‘letabundus</span> <span class='ocrx_word' id='word_1_107' title='bbox 1387 2887 1422 2949; x_wconf 86' lang='lat' dir='ltr'>et</span> <span class='ocrx_word' id='word_1_108' title='bbox 1453 2882 1613 2951; x_wconf 88' lang='lat' dir='ltr'>ducturus</span> <span class='ocrx_word' id='word_1_109' title='bbox 1622 2848 1742 2967; x_wconf 44' lang='lat' dir='ltr'>{iffi</span> 
     </span>
     <span class='ocr_line' id='line_1_16' title="bbox 563 2983 1752 3077; baseline 0 -25"><span class='ocrx_word' id='word_1_110' title='bbox 563 2988 672 3077; x_wconf 90' lang='lat' dir='ltr'>ipsum</span> <span class='ocrx_word' id='word_1_111' title='bbox 694 2986 892 3066; x_wconf 87' lang='lat' dir='ltr'>Londonias,</span> <span class='ocrx_word' id='word_1_112' title='bbox 913 2985 1016 3072; x_wconf 87' lang='lat' dir='ltr'>jussit</span> <span class='ocrx_word' id='word_1_113' title='bbox 1037 2989 1146 3051; x_wconf 88' lang='lat' dir='ltr'>totam</span> <span class='ocrx_word' id='word_1_114' title='bbox 1169 2985 1340 3052; x_wconf 89' lang='lat' dir='ltr'>civitatem</span> <span class='ocrx_word' id='word_1_115' title='bbox 1365 2985 1519 3051; x_wconf 87' lang='lat' dir='ltr'>mundari</span> <span class='ocrx_word' id='word_1_116' title='bbox 1540 2986 1612 3054; x_wconf 90' lang='lat' dir='ltr'>luto</span> <span class='ocrx_word' id='word_1_117' title='bbox 1622 2983 1752 3035; x_wconf 77' lang='lat' dir='ltr'>Flanders.</span> 
     </span>
     <span class='ocr_line' id='line_1_17' title="bbox 564 3088 1613 3175; baseline 0 -19"><span class='ocrx_word' id='word_1_118' title='bbox 564 3096 598 3156; x_wconf 88' lang='lat' dir='ltr'>et</span> <span class='ocrx_word' id='word_1_119' title='bbox 621 3090 714 3156; x_wconf 90' lang='lat' dir='ltr'>omni</span> <span class='ocrx_word' id='word_1_120' title='bbox 747 3088 966 3171; x_wconf 87' lang='lat' dir='ltr'>offendiculo;</span> <span class='ocrx_word' id='word_1_121' title='bbox 999 3088 1161 3175; x_wconf 89' lang='lat' dir='ltr'>civesque,</span> <span class='ocrx_word' id='word_1_122' title='bbox 1192 3088 1321 3154; x_wconf 87' lang='lat' dir='ltr'>indutis</span> <span class='ocrx_word' id='word_1_123' title='bbox 1350 3088 1501 3155; x_wconf 86' lang='lat' dir='ltr'>vestibus</span> <span class='ocrx_word' id='word_1_124' title='bbox 1529 3110 1613 3175; x_wconf 82' lang='lat' dir='ltr'>prae-</span> 
     </span>
    </p>

    <p class='ocr_par' dir='ltr' id='par_1_11' title="bbox 562 3189 1635 3689">
     <span class='ocr_line' id='line_1_18' title="bbox 563 3189 1612 3281; baseline 0 -23"><span class='ocrx_word' id='word_1_125' title='bbox 563 3189 666 3273; x_wconf 73' lang='lat' dir='ltr'>&#39;tiosis</span> <span class='ocrx_word' id='word_1_126' title='bbox 696 3193 733 3257; x_wconf 91' lang='lat' dir='ltr'>in</span> <span class='ocrx_word' id='word_1_127' title='bbox 766 3191 859 3279; x_wconf 89' lang='lat' dir='ltr'>equis</span> <span class='ocrx_word' id='word_1_128' title='bbox 892 3213 1021 3279; x_wconf 90' lang='lat' dir='ltr'>quoque</span> <span class='ocrx_word' id='word_1_129' title='bbox 1052 3191 1199 3258; x_wconf 86' lang='lat' dir='ltr'>faleratis</span> <span class='ocrx_word' id='word_1_130' title='bbox 1227 3191 1413 3281; x_wconf 84' lang='lat' dir='ltr'>gaudenter</span> <span class='ocrx_word' id='word_1_131' title='bbox 1445 3213 1612 3258; x_wconf 86' lang='lat' dir='ltr'>occurrere</span> 
     </span>
     <span class='ocr_line' id='line_1_19' title="bbox 564 3290 1635 3383; baseline 0 -23"><span class='ocrx_word' id='word_1_132' title='bbox 564 3296 713 3362; x_wconf 91' lang='lat' dir='ltr'>venienti</span> <span class='ocrx_word' id='word_1_133' title='bbox 747 3290 964 3381; x_wconf 83' lang='lat' dir='ltr'>satagebant.⁵</span> <span class='ocrx_word' id='word_1_134' title='bbox 1024 3292 1092 3375; x_wconf 83' lang='lat' dir='ltr'>Qui</span> <span class='ocrx_word' id='word_1_135' title='bbox 1122 3300 1238 3380; x_wconf 87' lang='lat' dir='ltr'>postea</span> <span class='ocrx_word' id='word_1_136' title='bbox 1267 3294 1458 3382; x_wconf 82' lang='lat' dir='ltr'>homagium</span> <span class='ocrx_word' id='word_1_137' title='bbox 1488 3294 1635 3383; x_wconf 55' lang='lat' dir='ltr'>iaciens,</span> 
     </span>
     <span class='ocr_line' id='line_1_20' title="bbox 562 3396 1611 3484; baseline 0 -22"><span class='ocrx_word' id='word_1_138' title='bbox 562 3399 642 3484; x_wconf 86' lang='lat' dir='ltr'>regi,</span> <span class='ocrx_word' id='word_1_139' title='bbox 672 3397 871 3484; x_wconf 87' lang='lat' dir='ltr'>quingentas</span> <span class='ocrx_word' id='word_1_140' title='bbox 901 3417 1037 3475; x_wconf 84' lang='lat' dir='ltr'>marcas,</span> <span class='ocrx_word' id='word_1_141' title='bbox 1060 3417 1143 3482; x_wconf 87' lang='lat' dir='ltr'>quas</span> <span class='ocrx_word' id='word_1_142' title='bbox 1173 3396 1346 3463; x_wconf 89' lang='lat' dir='ltr'>annuatim</span> <span class='ocrx_word' id='word_1_143' title='bbox 1380 3417 1422 3460; x_wconf 85' lang='lat' dir='ltr'>ex</span> <span class='ocrx_word' id='word_1_144' title='bbox 1452 3397 1611 3462; x_wconf 84' lang='lat' dir='ltr'>scaccario</span> 
     </span>
     <span class='ocr_line' id='line_1_21' title="bbox 562 3493 1612 3586; baseline 0 -23"><span class='ocrx_word' id='word_1_145' title='bbox 562 3499 671 3566; x_wconf 85' lang='lat' dir='ltr'>fuerat</span> <span class='ocrx_word' id='word_1_146' title='bbox 707 3504 906 3586; x_wconf 87' lang='lat' dir='ltr'>recepturus,</span> <span class='ocrx_word' id='word_1_147' title='bbox 940 3493 1174 3565; x_wconf 76' lang='lat' dir='ltr'>laetabundus⁰</span> <span class='ocrx_word' id='word_1_148' title='bbox 1204 3495 1396 3585; x_wconf 84' lang='lat' dir='ltr'>reportavit.</span> <span class='ocrx_word' id='word_1_149' title='bbox 1451 3496 1612 3584; x_wconf 86' lang='lat' dir='ltr'>Magister</span> 
     </span>
     <span class='ocr_line' id='line_1_22' title="bbox 564 3599 1612 3689; baseline -0.001 -23"><span class='ocrx_word' id='word_1_150' title='bbox 564 3624 694 3689; x_wconf 90' lang='lat' dir='ltr'>quoque</span> <span class='ocrx_word' id='word_1_151' title='bbox 709 3603 875 3668; x_wconf 89' lang='lat' dir='ltr'>Henricus</span> <span class='ocrx_word' id='word_1_152' title='bbox 898 3600 1120 3678; x_wconf 85' lang='lat' dir='ltr'>Flandrensis,</span> <span class='ocrx_word' id='word_1_153' title='bbox 1138 3601 1273 3666; x_wconf 89' lang='lat' dir='ltr'>clericus</span> <span class='ocrx_word' id='word_1_154' title='bbox 1296 3599 1377 3685; x_wconf 85' lang='lat' dir='ltr'>ejus,</span> <span class='ocrx_word' id='word_1_155' title='bbox 1398 3620 1496 3685; x_wconf 88' lang='lat' dir='ltr'>quem</span> <span class='ocrx_word' id='word_1_156' title='bbox 1510 3600 1612 3688; x_wconf 87' lang='lat' dir='ltr'>assig-</span> 
     </span>
    </p>
   </div>
   <div class='ocr_carea' id='block_1_6' title="bbox 562 3701 1610 3897">
    <p class='ocr_par' dir='ltr' id='par_1_12' title="bbox 562 3701 1610 3897">
     <span class='ocr_line' id='line_1_23' title="bbox 563 3701 1610 3792; baseline -0.001 -22"><span class='ocrx_word' id='word_1_157' title='bbox 563 3711 702 3771; x_wconf 87' lang='lat' dir='ltr'>naverat</span> <span class='ocrx_word' id='word_1_158' title='bbox 724 3705 767 3771; x_wconf 89' lang='lat' dir='ltr'>ad</span> <span class='ocrx_word' id='word_1_159' title='bbox 789 3727 844 3771; x_wconf 89' lang='lat' dir='ltr'>eas</span> <span class='ocrx_word' id='word_1_160' title='bbox 865 3704 1104 3792; x_wconf 87' lang='lat' dir='ltr'>recipiendum,</span> <span class='ocrx_word' id='word_1_161' title='bbox 1139 3703 1258 3790; x_wconf 89' lang='lat' dir='ltr'>opimis</span> <span class='ocrx_word' id='word_1_162' title='bbox 1287 3701 1474 3768; x_wconf 91' lang='lat' dir='ltr'>redditibus</span> <span class='ocrx_word' id='word_1_163' title='bbox 1498 3704 1610 3769; x_wconf 90' lang='lat' dir='ltr'>subito</span> 
     </span>
     <span class='ocr_line' id='line_1_24' title="bbox 562 3809 743 3897; baseline -0.011 -23"><span class='ocrx_word' id='word_1_164' title='bbox 562 3809 743 3897; x_wconf 83' lang='lat' dir='ltr'>saginatur.</span> 
     </span>
    </p>
   </div>
   <div class='ocr_carea' id='block_1_7' title="bbox 592 4015 1594 4192">
    <p class='ocr_par' dir='ltr' id='par_1_13' title="bbox 592 4015 1594 4192">
     <span class='ocr_line' id='line_1_25' title="bbox 592 4015 1594 4106; baseline -0.005 -15"><span class='ocrx_word' id='word_1_165' title='bbox 592 4018 782 4091; x_wconf 64' lang='lat' dir='ltr'>varenam</span> <span class='ocrx_word' id='word_1_166' title='bbox 808 4018 849 4088; x_wconf 85' lang='lat' dir='ltr'>dc</span> <span class='ocrx_word' id='word_1_167' title='bbox 871 4017 958 4089; x_wconf 76' lang='lat' dir='ltr'>Rata</span> <span class='ocrx_word' id='word_1_168' title='bbox 985 4021 1201 4087; x_wconf 68' lang='lat' dir='ltr'>maenam</span> <span class='ocrx_word' id='word_1_169' title='bbox 1222 4015 1267 4087; x_wconf 82' lang='lat' dir='ltr'>a&#39;a</span> <span class='ocrx_word' id='word_1_170' title='bbox 1289 4015 1484 4106; x_wconf 64' lang='lat' dir='ltr'>episcopm</span> <span class='ocrx_word' id='word_1_171' title='bbox 1505 4016 1594 4086; x_wconf 82' lang='lat' dir='ltr'>Nor-</span> 
     </span>
     <span class='ocr_line' id='line_1_26' title="bbox 972 4118 1173 4192; baseline -0.02 0"><span class='ocrx_word' id='word_1_172' title='bbox 972 4118 1173 4192; x_wconf 59' lang='lat' dir='ltr'>witonem</span> 
     </span>
    </p>
   </div>
   <div class='ocr_carea' id='block_1_8' title="bbox 567 4257 1758 4352">
    <p class='ocr_par' dir='ltr' id='par_1_14' title="bbox 567 4257 1758 4352">
     <span class='ocr_line' id='line_1_27' title="bbox 567 4257 1758 4352; baseline 0 -22"><span class='ocrx_word' id='word_1_173' title='bbox 567 4261 708 4330; x_wconf 77' lang='lat' dir='ltr'>¹Anno</span> <span class='ocrx_word' id='word_1_174' title='bbox 731 4283 861 4352; x_wconf 87' lang='lat' dir='ltr'>quoque</span> <span class='ocrx_word' id='word_1_175' title='bbox 884 4259 946 4328; x_wconf 87' lang='lat' dir='ltr'>sub</span> <span class='ocrx_word' id='word_1_176' title='bbox 969 4260 1083 4327; x_wconf 87' lang='lat' dir='ltr'>eodem</span> <span class='ocrx_word' id='word_1_177' title='bbox 1104 4257 1292 4326; x_wconf 89' lang='lat' dir='ltr'>Willelmus</span> <span class='ocrx_word' id='word_1_178' title='bbox 1314 4260 1357 4327; x_wconf 91' lang='lat' dir='ltr'>de</span> <span class='ocrx_word' id='word_1_179' title='bbox 1379 4259 1470 4340; x_wconf 78' lang='lat' dir='ltr'>Itale,</span> <span class='ocrx_word' id='word_1_180' title='bbox 1485 4260 1758 4330; x_wconf 73' lang='lat' dir='ltr'>electusconrccn-</span> 
     </span>
    </p>
   </div>
   <div class='ocr_carea' id='block_1_9' title="bbox 564 4346 1732 4463">
    <p class='ocr_par' dir='ltr' id='par_1_15' title="bbox 564 4346 1732 4463">
     <span class='ocr_line' id='line_1_28' title="bbox 564 4346 1732 4463; baseline 0.003 -33"><span class='ocrx_word' id='word_1_181' title='bbox 564 4363 601 4430; x_wconf 91' lang='lat' dir='ltr'>in</span> <span class='ocrx_word' id='word_1_182' title='bbox 632 4366 820 4455; x_wconf 89' lang='lat' dir='ltr'>episcopum</span> <span class='ocrx_word' id='word_1_183' title='bbox 842 4363 1110 4442; x_wconf 88' lang='lat' dir='ltr'>Noruuicensem,</span> <span class='ocrx_word' id='word_1_184' title='bbox 1142 4363 1178 4428; x_wconf 94' lang='lat' dir='ltr'>in</span> <span class='ocrx_word' id='word_1_185' title='bbox 1208 4362 1341 4430; x_wconf 87' lang='lat' dir='ltr'>eeclesia</span> <span class='ocrx_word' id='word_1_186' title='bbox 1372 4346 1732 4463; x_wconf 46' lang='grc' dir='ltr'>1111110111Ρ11111ξη931οἷ1θ</span> 
     </span>
    </p>
   </div>
   <div class='ocr_carea' id='block_1_10' title="bbox 551 4590 1608 5212">
    <p class='ocr_par' dir='ltr' id='par_1_16' title="bbox 551 4590 1608 5212">
     <span class='ocr_line' id='line_1_29' title="bbox 596 4590 1608 4662; baseline -0.007 -14.815"><span class='ocrx_word' id='word_1_187' title='bbox 596 4593 1060 4662; x_wconf 67' lang='lat' dir='ltr'>¹qurp1us.....mvas]0nm</span> <span class='ocrx_word' id='word_1_188' title='bbox 1138 4590 1373 4658; x_wconf 68' lang='lat' dir='ltr'>reqinoeMlter</span> <span class='ocrx_word' id='word_1_189' title='bbox 1399 4591 1450 4641; x_wconf 79' lang='lat' dir='ltr'>thir</span> <span class='ocrx_word' id='word_1_190' title='bbox 1476 4591 1593 4651; x_wconf 82' lang='lat' dir='ltr'>vord.</span> <span class='ocrx_word' id='word_1_191' title='bbox 1582 4608 1608 4641; x_wconf 81' lang='lat' dir='ltr'>m</span> 
     </span>
     <span class='ocr_line' id='line_1_30' title="bbox 563 4668 1513 4740; baseline -0.007 -12"><span class='ocrx_word' id='word_1_192' title='bbox 563 4692 670 4728; x_wconf 80' lang='lat' dir='ltr'>erasme</span> <span class='ocrx_word' id='word_1_193' title='bbox 703 4672 991 4740; x_wconf 72' lang='lat' dir='ltr'>Inthelovermergin</span> <span class='ocrx_word' id='word_1_194' title='bbox 1006 4673 1060 4724; x_wconf 75' lang='lat' dir='ltr'>also</span> <span class='ocrx_word' id='word_1_195' title='bbox 1105 4669 1380 4738; x_wconf 72' lang='lat' dir='ltr'>Anplr&#39;cmisrepeated</span> <span class='ocrx_word' id='word_1_196' title='bbox 1390 4671 1426 4736; x_wconf 86' lang='lat' dir='ltr'>by</span> <span class='ocrx_word' id='word_1_197' title='bbox 1436 4668 1513 4722; x_wconf 76' lang='lat' dir='ltr'>error.</span> 
     </span>
     <span class='ocr_line' id='line_1_31' title="bbox 551 4748 1606 4819; baseline -0.006 -11"><span class='ocrx_word' id='word_1_198' title='bbox 551 4748 585 4807; x_wconf 85' lang='lat' dir='ltr'>¹is</span> <span class='ocrx_word' id='word_1_199' title='bbox 595 4755 695 4807; x_wconf 76' lang='lat' dir='ltr'>written</span> <span class='ocrx_word' id='word_1_200' title='bbox 705 4754 795 4806; x_wconf 82' lang='lat' dir='ltr'>vitha</span> <span class='ocrx_word' id='word_1_201' title='bbox 814 4752 995 4818; x_wconf 60' lang='lat' dir='ltr'>plummetqur&#39;</span> <span class='ocrx_word' id='word_1_202' title='bbox 1000 4749 1060 4819; x_wconf 78' lang='lat' dir='ltr'>plur</span> <span class='ocrx_word' id='word_1_203' title='bbox 1138 4748 1322 4819; x_wconf 56' lang='lat' dir='ltr'>&#39;naqadana</span> <span class='ocrx_word' id='word_1_204' title='bbox 1341 4748 1434 4800; x_wconf 83' lang='lat' dir='ltr'>Added</span> <span class='ocrx_word' id='word_1_205' title='bbox 1459 4764 1493 4800; x_wconf 90' lang='lat' dir='ltr'>on</span> <span class='ocrx_word' id='word_1_206' title='bbox 1515 4755 1542 4801; x_wconf 87' lang='lat' dir='ltr'>ta</span> <span class='ocrx_word' id='word_1_207' title='bbox 1564 4749 1606 4802; x_wconf 78' lang='lat' dir='ltr'>the</span> 
     </span>
     <span class='ocr_line' id='line_1_32' title="bbox 563 4830 1168 4904; baseline -0.008 -17"><span class='ocrx_word' id='word_1_208' title='bbox 563 4853 636 4904; x_wconf 81' lang='lat' dir='ltr'>quom</span> <span class='ocrx_word' id='word_1_209' title='bbox 646 4834 797 4898; x_wconf 77' lang='lat' dir='ltr'>credebatur,</span> <span class='ocrx_word' id='word_1_210' title='bbox 807 4830 953 4884; x_wconf 64' lang='lat' dir='ltr'>manat.</span> <span class='ocrx_word' id='word_1_211' title='bbox 1105 4837 1168 4883; x_wconf 84' lang='lat' dir='ltr'>text.</span> 
     </span>
     <span class='ocr_line' id='line_1_33' title="bbox 593 4907 1607 4982; baseline -0.006 -16"><span class='ocrx_word' id='word_1_212' title='bbox 593 4920 603 4948; x_wconf 85' lang='lat'>²</span> <span class='ocrx_word' id='word_1_213' title='bbox 622 4915 791 4982; x_wconf 63' lang='lat' dir='ltr'>insipentia..</span> <span class='ocrx_word' id='word_1_214' title='bbox 810 4910 967 4979; x_wconf 56' lang='lat' dir='ltr'>deam]</span> <span class='ocrx_word' id='word_1_215' title='bbox 980 4908 1059 4963; x_wconf 83' lang='lat' dir='ltr'>Writ·</span> <span class='ocrx_word' id='word_1_216' title='bbox 1138 4907 1328 4976; x_wconf 55' lang='lat' dir='ltr'>‘lanam</span> <span class='ocrx_word' id='word_1_217' title='bbox 1342 4908 1544 4961; x_wconf 67' lang='lat' dir='ltr'>munemne</span> <span class='ocrx_word' id='word_1_218' title='bbox 1604 4964 1607 4969; x_wconf 67' lang='grc'><strong>,</strong></span> 
     </span>
     <span class='ocr_line' id='line_1_34' title="bbox 561 4989 1607 5055; baseline -0.007 -8"><span class='ocrx_word' id='word_1_219' title='bbox 561 5004 834 5047; x_wconf 80' lang='lat' dir='ltr'>tenoveranerasure.</span> <span class='ocrx_word' id='word_1_220' title='bbox 1139 4990 1198 5040; x_wconf 76' lang='lat' dir='ltr'>&#39;In</span> <span class='ocrx_word' id='word_1_221' title='bbox 1220 4990 1264 5041; x_wconf 82' lang='lat' dir='ltr'>the</span> <span class='ocrx_word' id='word_1_222' title='bbox 1285 4989 1385 5055; x_wconf 79' lang='lat' dir='ltr'>margin</span> <span class='ocrx_word' id='word_1_223' title='bbox 1412 5000 1455 5039; x_wconf 81' lang='lat' dir='ltr'>arc</span> <span class='ocrx_word' id='word_1_224' title='bbox 1476 4990 1563 5040; x_wconf 82' lang='lat' dir='ltr'>druvn</span> <span class='ocrx_word' id='word_1_225' title='bbox 1590 5005 1607 5040; x_wconf 84' lang='lat' dir='ltr'>a</span> 
     </span>
     <span class='ocr_line' id='line_1_35' title="bbox 593 5067 1605 5139; baseline -0.006 -12"><span class='ocrx_word' id='word_1_226' title='bbox 593 5079 603 5106; x_wconf 87' lang='lat'><strong>³</strong></span> <span class='ocrx_word' id='word_1_227' title='bbox 619 5074 747 5126; x_wconf 79' lang='lat' dir='ltr'>Flcndrioe</span> <span class='ocrx_word' id='word_1_228' title='bbox 762 5072 880 5139; x_wconf 74' lang='lat' dir='ltr'>raom]</span> <span class='ocrx_word' id='word_1_229' title='bbox 900 5072 941 5125; x_wconf 91' lang='lat' dir='ltr'>On</span> <span class='ocrx_word' id='word_1_230' title='bbox 957 5086 991 5123; x_wconf 76' lang='lat' dir='ltr'>un</span> <span class='ocrx_word' id='word_1_231' title='bbox 1005 5085 1059 5122; x_wconf 79' lang='lat' dir='ltr'>era-</span> <span class='ocrx_word' id='word_1_232' title='bbox 1105 5069 1181 5119; x_wconf 85' lang='lat' dir='ltr'>mitre</span> <span class='ocrx_word' id='word_1_233' title='bbox 1198 5069 1248 5119; x_wconf 87' lang='lat' dir='ltr'>and</span> <span class='ocrx_word' id='word_1_234' title='bbox 1268 5067 1368 5120; x_wconf 81' lang='lat' dir='ltr'>crerier.</span> <span class='ocrx_word' id='word_1_235' title='bbox 1402 5068 1443 5118; x_wconf 83' lang='lat' dir='ltr'>lie</span> <span class='ocrx_word' id='word_1_236' title='bbox 1454 5083 1505 5121; x_wconf 79' lang='lat' dir='ltr'>vua</span> <span class='ocrx_word' id='word_1_237' title='bbox 1516 5084 1605 5121; x_wconf 69' lang='lat' dir='ltr'>eoum·</span> 
     </span>
     <span class='ocr_line' id='line_1_36' title="bbox 560 5147 1526 5212; baseline -0.004 -6"><span class='ocrx_word' id='word_1_238' title='bbox 560 5169 626 5207; x_wconf 85' lang='lat' dir='ltr'>sare.</span> <span class='ocrx_word' id='word_1_239' title='bbox 1105 5147 1313 5212; x_wconf 70' lang='lat' dir='ltr'>natedttsept.</span> <span class='ocrx_word' id='word_1_240' title='bbox 1340 5147 1526 5209; x_wconf 69' lang='lat' dir='ltr'>neaniai.</span> 
     </span>
    </p>
   </div>
   <div class='ocr_carea' id='block_1_11' title="bbox 0 0 2264 6420">
    <p class='ocr_par' dir='ltr' id='par_1_17' title="bbox 0 0 2264 6420">
     <span class='ocr_line' id='line_1_37' title="bbox 0 0 2264 6420; baseline 0 0"><span class='ocrx_word' id='word_1_241' title='bbox 0 0 2264 6420; x_wconf 95' lang='lat' dir='ltr'> </span> 
     </span>
    </p>
   </div>
  </div>
 </body>
</html>
