4517 6425
620 1162 685 1225 448
738 1175 905 1226 Maurum
928 1174 1143 1225 Pamslnssm
1165 1170 1332 1223 HISTORIA
1354 1172 1553 1223 arsamum

450 1359 704 1440 A.D.1241.quae,
728 1359 767 1419 ut
797 1353 972 1430 asserebat,
1001 1352 1077 1437 jure
1108 1352 1248 1438 antiquo
1282 1350 1324 1416 ad
1356 1351 1464 1437 ipsum
1486 1351 1667 1438 spectabat

620 1457 687 1523 Sed
709 1457 789 1522 dum
816 1457 989 1534 ordiretur,
1013 1456 1106 1521 velut
1128 1477 1150 1518 a
1171 1459 1307 1519 texente
1323 1455 1448 1519 succisa
1463 1452 1565 1541 [est]¹
1592 1455 1666 1519 vita

619 1582 688 1641 sua,
712 1565 747 1626 et
769 1560 903 1625 irritum
923 1559 1049 1625 factum
1072 1563 1123 1624 est
1146 1558 1353 1645 propositum
1376 1557 1651 1643 praesumptionis

795 1847 906 1935 Apud
930 1846 1050 1933 Octeby
1075 1846 1274 1913 choruscant
1296 1846 1478 1914 miraculo.

451 2038 572 2089 Minus
663 2027 791 2095 Diebus
820 2049 950 2115 quoque
980 2027 1042 2093 sub
1073 2025 1196 2092 eisdem
1227 2027 1318 2115 apud
1352 2026 1498 2114 Kateby,
1532 2028 1667 2093 domum

450 2106 590 2239 ffi‘ssfi}
617 2132 928 2212 sanctimonialium,
951 2131 1010 2196 ubi
1040 2130 1160 2197 beatus
1190 2130 1397 2208 Edmundus,
1421 2130 1668 2197 cantuariensis

450 2240 539 2302 byns
618 2235 887 2323 archiepiscopus,
910 2234 993 2299 duas
1025 2233 1146 2300 habuit
1179 2255 1305 2299 sorores
1336 2232 1610 2313 sanctimoniales,
1633 2240 1668 2299 et

450 2306 580 2425 rsrrteriEagar
618 2340 678 2406 uni
700 2360 816 2404 earum
838 2338 977 2425 pallium
1001 2337 1212 2425 delegaverat
1244 2341 1278 2401 et
1303 2336 1362 2401 alii
1385 2358 1485 2401 unam
1509 2336 1667 2402 tabellam

450 2441 535 2490 mund
618 2448 816 2530 argenteam,
839 2442 876 2505 in
898 2463 964 2527 qua
986 2440 1131 2527 effigiata
1157 2440 1223 2505 fuit
1250 2440 1359 2526 passio
1383 2438 1517 2521 Christi,
1540 2441 1669 2506 meritis

618 2547 700 2612 dicti
722 2545 828 2611 sancti
851 2543 1029 2620 Edmundi,
1046 2544 1131 2608 dont
1153 2548 1188 2607 et
1211 2543 1248 2606 in
1265 2542 1414 2623 Francia,
1433 2542 1505 2629 jam
1528 2543 1668 2609 celeber·
1762 2565 1770 2582 ·

617 2651 703 2714 rima
724 2646 883 2713 miracula
904 2645 1152 2711 choruscabant.
1198 2644 1342 2711 Pallium
1357 2666 1436 2711 vero
1450 2650 1668 2712 memoratum

617 2757 653 2816 et
685 2751 808 2816 tabella
841 2751 877 2815 in
909 2750 1057 2814 maxima
1086 2748 1213 2814 ibidem
1245 2749 1469 2830 veneratione,
1506 2754 1667 2836 tanquam

618 2855 794 2920 carissimae
817 2852 976 2938 reliquiae,
999 2852 1035 2917 in
1059 2852 1220 2918 memoria
1242 2853 1350 2918 sancti
1374 2852 1545 2918 Edmundi
1568 2876 1671 2919 reser-

620 2962 750 3023 vantur.

619 3251 783 3318 Moraucha’
814 3251 1089 3333 Centauricuses,
1122 3252 1277 3340 tarafirio
1308 3253 1532 3322 absolutionis
1565 3277 1589 3321 c
1613 3257 1670 3322 d·

708 3355 807 3421 rniao
826 3378 923 3442 popu
949 3363 1090 3440 optentu,
1120 3356 1290 3441 elegeraut
1323 3358 1561 3445 Bourjactwot,
1585 3359 1670 3425 Pro·

710 3459 903 3537 aviaricum,
928 3458 996 3525 sibi
1019 3458 1063 3525 tu
1084 3459 1386 3547 archiepiscopum.

453 3665 607 3717 Themonka
664 3644 825 3731 Tempore
858 3663 939 3707 vero
970 3640 1033 3706 sub
1072 3640 1185 3706 eodem
1224 3641 1376 3706 monaehi
1416 3640 1671 3710 Oantuarienses
1779 3635 1782 3639 ’

453 3733 596 3850 {scrupe
620 3748 762 3813 Romam
784 3767 826 3812 ex
849 3749 944 3832 parte
967 3749 1152 3810 conventus
1167 3744 1316 3832 profecti,
1333 3750 1472 3833 optento
1494 3768 1515 3812 a
1536 3746 1671 3813 domino

452 3808 595 3918 lihiricict
620 3872 706 3940 papa
727 3847 945 3915 absolutionis
967 3847 1136 3928 beneficio,
1160 3870 1202 3913 ex
1225 3849 1393 3915 sententia
1415 3871 1482 3935 qua
1502 3850 1671 3938 legaverat

453 3937 548 3998 neap.
619 3956 761 4022 eundem
784 3961 987 4021 conventum
1017 3953 1281 4042 archiepiscopus
1303 3955 1523 4034 AEdmundus,
1555 3956 1671 4023 multis

619 4056 840 4123 artabantur²
862 4057 1025 4145 angustiis
1039 4056 1195 4143 undique.
1241 4057 1396 4124 Instabat
1419 4059 1506 4123 enim
1528 4081 1588 4125 rex
1609 4059 1671 4124 im-

619 4165 762 4248 portune
796 4158 1014 4247 opportune,³
1036 4165 1075 4226 ut
1099 4159 1324 4241 Bonofacium‚
1348 4160 1589 4228 Provincialem
1610 4185 1671 4230 na·

620 4264 720 4341 tione,
745 4261 845 4328 ortu⁴
867 4284 1069 4350 generosum,
1092 4262 1150 4328 sed
1181 4267 1290 4341 aetate,
1322 4267 1362 4328 ut
1396 4263 1445 4330 ait
1479 4271 1670 4346 conventus,

621 4364 883 4445 insufficientem,
906 4365 1003 4431 scolis
1026 4366 1248 4452 inexpertum,
1266 4365 1478 4453 [eligerent].³
1523 4366 1672 4433 Tandem

620 4469 709 4534 idem
724 4472 915 4546 conventus,
939 4468 1033 4555 quasi
1055 4468 1144 4534 inter
1166 4468 1249 4534 duas
1275 4468 1379 4533 molas
1402 4470 1572 4550 contritus,
1595 4470 1672 4536 hinc

620 4571 796 4638 sententiae
819 4570 961 4637 vinculis
983 4571 1146 4650 innodati,
1168 4572 1246 4637 inde
1261 4572 1347 4661 regis
1369 4569 1540 4656 instantia,
1563 4573 1672 4660 ipsum

657 4820 663 4851 ¹
685 4821 733 4887 eal]
754 4818 877 4885 Supplied
895 4824 922 4868 to
939 4817 1065 4883 complete
1082 4817 1126 4868 the
1205 4821 1335 4880 mariae,
1346 4821 1414 4887 mla]
1435 4821 1476 4873 On
1487 4836 1519 4871 an
1531 4836 1638 4873 erasure.

620 4921 699 4957 sense.
1205 4899 1356 4966 ⁵elr'qereut]
1388 4901 1508 4966 supplied
1536 4902 1601 4952 stom
1630 4902 1671 4954 the

656 4990 667 5017 ²
683 4983 847 5050 erratuum]
867 4984 1001 5056 artabatur,
1013 4981 1069 5034 Ms.
1171 4988 1233 5045 text,
1245 4996 1273 5032 as
1289 4982 1424 5047 originally
1435 4982 1543 5034 written.

659 5070 668 5098 ¹
687 5063 835 5131 opportune]
854 5069 984 5127 oportune,
995 5061 1052 5114 MS.
