4517 6425
616 1153 658 1216 16
743 1165 908 1217 nuruum
930 1160 1145 1217 amuranus
1168 1165 1332 1217 maroam
1352 1165 1551 1220 auoaouun
1682 1149 1696 1164 ⁵

443 1342 686 1406 A.1).1190'.tum
733 1340 839 1407 sancti
877 1340 1055 1409 Michaelis
1115 1341 1284 1409 Johanncs
1320 1364 1407 1422 vero,
1445 1343 1665 1410 Norvicensis

460 1428 573 1494 ΜΨ-
611 1442 789 1531 episcopus,
812 1466 933 1533 papam
955 1444 1049 1522 adiit,
1078 1446 1253 1532 pecuniam
1275 1446 1407 1533 optulit,
1427 1468 1528 1533 quarn
1559 1447 1685 1512 domi.

442 1506 604 1637 {wlff
612 1568 677 1611 nus
698 1568 785 1634 papa
807 1552 922 1635 aperto
944 1546 1021 1613 sinu
1035 1548 1180 1636 occepit3
1202 1548 1299 1615 etsie
1315 1549 1356 1616 de
1377 1547 1467 1615 facili
1488 1550 1681 1638 impetrata.

442 1643 575 1760 &lm
612 1648 757 1729 licentia,
788 1649 957 1715 evacuatis
987 1648 1129 1731 clitellis,
1164 1671 1208 1716 nc
1237 1651 1338 1718 nimis
1367 1652 1597 1739 ponderarent,
1627 1653 1683 1718 in·

441 1748 594 1828 iramolvio
612 1750 770 1838 Angliam
791 1750 892 1817 rediit
922 1751 1104 1831 absolutus,
1126 1752 1217 1820 foeda
1248 1754 1436 1842 relinquens
1458 1755 1602 1843 vestigia
1630 1761 1683 1822 et.

442 1843 561 1960 {iffi
611 1852 831 1940 perniciosum
857 1853 1045 1942 exemplum
1067 1855 1189 1943 populo
1212 1856 1358 1924 11ὓῆπὶ

442 1990 507 2027 VOW·

641 2122 692 2190 De
715 2124 876 2211 conflictu
901 2124 995 2193 iuter
1017 2146 1139 2213 ceptam
1162 2125 1291 2194 utilitas
1314 2126 1413 2214 apud
1430 2126 1635 2194 mamm,
1694 2113 1736 2163 fol.
1750 2112 1816 2166 rso.

443 2262 552 2315 Confliet
657 2260 782 2327 Eodem
805 2265 951 2349 tempore
973 2284 1033 2329 rex
1056 2263 1259 2330 Francorum
1275 2263 1447 2352 Philippus
1461 2263 1529 2351 xvj.
1550 2256 1833 2337 kalen-Rosffind·

442 2332 577 2448 micum
613 2362 672 2427 das
687 2362 841 2430 Octobris
862 2365 952 2451 apud
968 2364 1154 2433 Messanam
1169 2367 1338 2455 applicuit,
1353 2373 1389 2433 et
1402 2365 1590 2454 hospitatus
1612 2371 1663 2431 est
1707 2328 1796 2376 ”Lm

442 2464 475 2581 21¹1
476 2464 592 2581 filfffilffl
612 2463 649 2529 in
670 2466 794 2553 palatio
817 2466 904 2554 regis
933 2466 1103 2535 Tancredi.
1161 2469 1234 2535 Rex
1257 2490 1338 2535 vero
1362 2468 1522 2535 Ricardus
1551 2490 1663 2555 supcr-

468 2625 498 2670 11
511 2620 544 2671 Se
561 2547 592 2671 ξ
612 2569 748 2634 veniens
769 2569 830 2634 ixo.
853 2568 1015 2636 kalendas
1045 2570 1191 2656 ejusdem
1224 2571 1355 2652 mensis,
1378 2571 1561 2659 ingressum
1583 2570 1663 2636 civi·

468 2635 579 2777 meg,
611 2669 692 2736 tatis
721 2671 842 2737 babere
863 2693 931 2736 non
960 2672 1096 2760 potuit3
1128 2672 1250 2739 Franci
1280 2673 1369 2738 enirn
1392 2672 1592 2751 metuebant,
1620 2693 1662 2736 ne
1675 2681 1832 2760 Ropwend.

611 2772 771 2839 victualia
804 2773 933 2839 duobus
966 2774 1100 2863 regibus
1137 2774 1331 2855 sufficerent,
1363 2797 1446 2862 quos
1482 2774 1663 2841 multitudo
1708 2754 1796 2801 Μ·

611 2875 743 2963 copiosa
765 2875 965 2963 sequebatur
986 2877 1214 2943 exercituum.l
1262 2876 1359 2958 Quod
1374 2900 1449 2943 cum
1471 2899 1530 2944 rex
1551 2878 1663 2943 Ricar-

610 2976 672 3043 dus
708 2977 927 3064 cognovisset,
966 2979 1058 3044 misit
1092 2978 1297 3045 marescallos
1331 3001 1406 3045 suos
1443 2980 1487 3045 ad
1524 2979 1664 3065 majores

610 3078 765 3161 civitatis,
789 3084 905 3167 petens
927 3085 967 3146 ut
991 3080 1178 3147 exercitui⁹
1209 3102 1270 3148 suo
1299 3082 1460 3148 victualia
1482 3081 1664 3148 venderent

610 3180 682 3249 foro
697 3181 857 3270 legitimo,
871 3204 914 3250 ne
930 3183 1042 3250 inedia
1057 3182 1219 3251 deficeret.
1266 3182 1330 3252 Oui
1345 3184 1434 3250 cives
1456 3189 1551 3251 tanto
1574 3183 1665 3271 prin·

610 3284 676 3371 cipi
706 3291 818 3371 portas
849 3308 926 3352 suas
958 3287 1093 3374 aperire,
1121 3292 1156 3353 et
1185 3287 1294 3374 ipsum
1311 3287 1492 3354 honorifice
1522 3287 1664 3374 recipcre

609 3387 793 3455 voluerunt
839 3389 888 3454 At
913 3388 1032 3455 Franci
1054 3389 1196 3477 superbi,
1221 3391 1307 3477 quia,

699 3525 847 3593 “Omnis
870 3527 1030 3615 superbus
1052 3526 1232 3614 impatiens
1254 3528 1414 3594 consortis
1440 3527 1553 3610 erit,'’³
1677 3577 1683 3591 .

610 3665 870 3748 contradicentes
908 3687 976 3732 non
1012 3665 1240 3754 permiserunt,
1285 3667 1342 3732 sed
1390 3667 1511 3733 armati
1553 3688 1664 3733 muros

608 3768 838 3846 ascenderunt,
865 3767 928 3834 et⁴
962 3791 1076 3835 omnes
1108 3769 1223 3834 aditus
1252 3768 1424 3835 defendere
1454 3769 1666 3835 conabantur.

611 3870 685 3936 Rex
699 3875 812 3936 autem
831 3870 992 3937 Ricardus
1013 3872 1057 3936 ad
1078 3872 1172 3951 ham,
1188 3873 1438 3952 necimmerito,
1460 3878 1682 3959 provocatus„

605 3972 709 4058 jussit
730 3974 890 4039 exercitui
912 3994 972 4040 suo
994 3973 1038 4039 ad
1061 3995 1154 4039 arma
1175 3974 1358 4054 convolare,
1381 3978 1416 4040 et
1434 3973 1498 4040 sibi
1521 3975 1664 4062 suisque,

610 4074 761 4141 hostibus
793 4075 919 4156 invitis,
954 4076 1118 4143 violenter
1155 4073 1308 4142 aditum⁵
1345 4097 1538 4165 praeparare.
1599 4076 1665 4158 Qui

611 4179 686 4244 ilico
720 4179 820 4266 regiis
853 4178 1028 4266 praeceptis
1059 4179 1333 4267 obtemperantes,
1370 4180 1486 4246 valvas
1523 4179 1667 4244 viriliter

610 4282 812 4360 invasenrnt,
836 4280 1015 4368 multisque
1030 4303 1074 4347 ex
1097 4282 1312 4371 Francigenis
1333 4283 1526 4360 interfectis,
1542 4282 1668 4349 violen-

611 4391 664 4451 ter
685 4383 907 4460 intraverunt,
930 4388 1040 4471 atque,
1056 4385 1182 4471 praevio
1204 4407 1281 4473 rege
1304 4383 1472 4465 Ricardo,⁰
1494 4406 1608 4450 omnes
1630 4385 1665 4450 in

610 4488 724 4576 fugam
739 4487 978 4573 compulerunt.
1024 4485 1137 4572 Hujus
1163 4493 1277 4554 autem
1302 4486 1383 4553 facti
1405 4509 1480 4553 cum
1506 4488 1549 4553 ad
1572 4509 1667 4552 aures

611 4613 670 4678 per
684 4589 838 4677 querulos
859 4589 945 4677 regis
968 4588 1171 4656 Francorum
1185 4611 1299 4656 rumor
1322 4591 1536 4676 pervenisset,
1558 4591 1685 4653 maxi-·

646 4783 827 4850 ¹erercitucm]
852 4782 1031 4844 excercituum,
1049 4783 1114 4844 MS,
1200 4782 1365 4841 ’Borrovcd
1391 4782 1438 4831 but
1465 4787 1510 4831 not
1536 4781 1665 4845 verbatim,

612 4866 662 4916 aud
673 4864 725 4916 this
736 4864 801 4914 form
819 4863 842 4912 is
861 4863 941 4913 found
952 4862 1114 4927 throughout,
1165 4861 1232 4912 hom
1243 4861 1338 4912 Lucan.
1349 4860 1440 4912 Pham.
1452 4859 1468 4912 i.
1481 4865 1521 4910 93.

613 4945 641 4994 in
651 4942 848 4995 othercascsof
854 4942 898 4993 the
908 4944 986 4994 word.
1200 4939 1257 5008 ιει]
1276 4939 1423 4990 Interlined

1198 5022 1209 5050 ⁸
1219 5017 1326 5084 editura]
1345 5018 1438 5069 Added
1448 5016 1477 5066 in
1487 5031 1566 5083 marg.

646 5103 797 5169 ²ercrct'tut]
816 5102 936 5165 excertui,
949 5102 1005 5154 MS.
1198 5097 1343 5163 ‘Ricardo]
1364 5096 1512 5150 luterlincd.
