4517 6425
695 1188 761 1253 244
825 1201 991 1252 minuar
1014 1201 1228 1253 sarrsmusrs
1253 1200 1416 1251 nrsrorua
1438 1200 1640 1251 arenosum

525 1384 594 1437 al).
612 1371 889 1458 rasaincentores,
913 1398 994 1463 quos
1015 1398 1135 1463 guerra
1166 1376 1352 1464 praehabita
1380 1376 1502 1443 fecerat
1532 1376 1764 1443 consuetudi.

526 1476 657 1529 Hnabet-
695 1478 815 1556 uarios,
831 1484 866 1544 et
888 1478 1090 1545 consuetudo
1104 1478 1168 1544 sub
1189 1480 1385 1546 necessitate
1402 1479 1529 1567 ligavit,
1548 1479 1768 1558 Faloasium„

527 1551 587 1597 ⁸⁰¹⁸·
696 1581 887 1669 Philippum
920 1582 1020 1660 Marc,
1043 1581 1179 1648 Petrum
1209 1582 1250 1648 de
1281 1581 1769 1670 Malo-laeu1Engelramum.

695 1684 736 1751 de
760 1684 872 1766 Athis,
897 1688 931 1750 et
960 1684 1042 1750 alios
1063 1684 1196 1765 multos,
1220 1684 1277 1771 qui
1303 1685 1387 1750 clam
1410 1685 1572 1751 miserunt
1602 1686 1633 1750 ei
1655 1685 1745 1751 viros

696 1791 848 1864 armatos,
872 1790 920 1864 ut,
943 1807 1023 1873 pace
1053 1787 1148 1873 regni
1179 1785 1381 1873 perturbata,
1404 1786 1468 1873 ipsi
1491 1786 1599 1852 solitis
1624 1786 1766 1873 praedis.

697 1891 731 1953 et
753 1889 878 1977 rapinis
900 1890 1141 1977 saginarentur.

924 2138 1119 2208 Considium
1142 2162 1245 2229 super
1265 2140 1324 2207 boc
1345 2140 1509 2208 hobitum.

744 2291 979 2357 Convenerunt
999 2290 1106 2377 igitur
1126 2295 1299 2379 magnates
1314 2289 1448 2379 Angliae
1470 2312 1544 2356 cum
1567 2310 1643 2376 rege
1658 2288 1748 2375 apud
1761 2294 1921 2375 Roawm.

699 2393 1038 2471 westmonasterium,
1068 2392 1184 2481 super²
1213 2394 1275 2459 hoc
1304 2400 1338 2459 et
1375 2394 1449 2458 aliis
1485 2392 1579 2480 regni
1609 2392 1749 2478 negotiis
1794 2366 1883 2413 Μ’

698 2496 885 2563 tractaturi
940 2495 1059 2563 Comes
1084 2517 1171 2575 vero,
1195 2496 1254 2583 qui
1281 2517 1356 2561 cum
1379 2496 1497 2562 ceteris
1519 2500 1657 2561 vocatus
1678 2495 1750 2560 fue·

698 2605 759 2678 rat,
774 2598 949 2665 simulavit
970 2620 1005 2664 se
1027 2598 1087 2664 illo
1100 2598 1158 2678 ire,
1174 2600 1232 2664 sed
1253 2598 1390 2665 callidus
1411 2598 1522 2664 viator
1543 2598 1750 2686 propositum

698 2708 843 2780 mutans,
864 2702 909 2767 ad
930 2701 1103 2767 castellum
1126 2702 1168 2767 de
1184 2700 1444 2788 Fotheringeia³
1467 2701 1618 2768 divertit.
1667 2702 1751 2766 Erat

698 2811 811 2873 autem
826 2810 908 2871 tune
924 2803 1010 2869 illud
1024 2803 1196 2869 castellum
1210 2804 1248 2868 in
1263 2804 1414 2870 custodia
1428 2803 1605 2891 Ranulphi,
1620 2804 1751 2869 comitis

700 2908 893 2984 cestrensis,
903 2905 960 2972 ab⁴
975 2906 1066 2971 omni
1079 2906 1202 2971 militia
1215 2905 1413 2972 destitutum
1425 2932 1434 2987 ;
1451 2906 1540 2993 quod
1553 2927 1629 2971 cum
1643 2928 1751 2971 comes

700 3007 932 3100 cognovisset,⁵
965 3009 1068 3075 scalas
1099 3009 1144 3074 ed
1170 3030 1282 3074 muros
1311 3010 1479 3087 adhibens,
1512 3009 1649 3075 armatis
1681 3010 1751 3074 suis

700 3114 886 3200 ingressum
920 3111 1133 3199 praeparavit,
1156 3111 1215 3197 qui
1246 3112 1321 3177 ilico
1344 3134 1426 3198 quos
1451 3112 1655 3177 invenerunt
1676 3113 1770 3177 vin··

702 3217 785 3284 culis
806 3214 991 3282 arctissime
1013 3214 1307 3281 constrinxeumt.⁶
1352 3213 1492 3294 Deinde,
1519 3214 1683 3303 impositis
1713 3215 1750 3279 in

700 3319 834 3385 castello
857 3317 1049 3384 custodibus
1075 3318 1222 3399 armatis,
1247 3316 1290 3383 ad
1313 3319 1530 3404 municipium
1556 3320 1598 3384 de
1621 3318 1751 3394 Biham,

700 3427 741 3487 ut
754 3421 837 3486 illud
852 3419 893 3486 de
913 3420 1067 3506 dampnis
1089 3421 1243 3486 laesorum
1258 3420 1486 3501 communiret,
1508 3421 1657 3488 celeriter
1677 3442 1770 3486 con-.

534 3528 627 3578 sinam
702 3523 840 3590 volavit
885 3523 960 3604 Quo
983 3522 1080 3601 facto,
1112 3545 1187 3589 cum
1217 3523 1355 3589 armatis
1378 3523 1446 3589 suis
1466 3528 1575 3590 totam
1601 3524 1751 3610 adjacen-

534 3596 682 3728 {ffilssd
703 3634 772 3694 tem
794 3626 1001 3715 provinciam
1023 3625 1190 3713 spoliavit,
1205 3630 1414 3712 castrumque
1429 3648 1525 3692 suum
1546 3628 1586 3692 de
1602 3627 1753 3714 dampnis

535 3731 657 3846 ξων
703 3731 843 3796 aliorum
857 3728 1084 3795 communivit.
1129 3728 1196 3795 Sed
1210 3751 1285 3795 cum
1300 3730 1436 3795 tandem
1450 3729 1516 3794 ists
1537 3730 1752 3816 praesumptio

536 3797 664 3927 ³303?ss
704 3831 902 3898 temeraria⁷
924 3832 968 3897 ad
995 3831 1152 3897 notitiam
1174 3833 1261 3918 regis
1284 3831 1410 3916 atejus
1432 3831 1606 3897 consilium
1636 3853 1752 3918 perve-

571 4046 659 4097 sset.
703 4043 780 4126 post
809 4037 1077 4104 Purifioationem
1098 4036 1206 4103 beatae
1239 4035 1354 4102 Maria
1376 4035 1547 4101 castellum
1569 4034 1610 4101 de
1632 4034 1752 4100 Biham

703 4140 816 4207 cuneis
854 4139 1054 4206 militaribus
1084 4138 1323 4219 circumcinxit,
1352 4138 1561 4225 obsessosque
1598 4137 1679 4204 adeo
1717 4140 1752 4203 in

703 4245 798 4310 brevi
821 4243 994 4321 coartavit,
1016 4247 1056 4308 ut
1078 4242 1243 4308 nescirent
1264 4240 1401 4307 ubinam
1423 4246 1524 4328 caput
1545 4241 1751 4306 reclinarent.

705 4347 771 4427 Qui
803 4346 895 4411 aliud
925 4345 1091 4432 refugium
1112 4366 1179 4410 non
1205 4343 1372 4424 habentes,
1395 4343 1551 4410 exiemmt
1572 4365 1686 4410 omnes
1712 4344 1753 4408 de

570 4444 659 4497 ⁸F0b·
703 4450 801 4515 ruina
825 4447 961 4525 castelli,
984 4452 1018 4514 et
1041 4445 1116 4512 vi⁰.⁸
1131 4445 1208 4511 idus
1231 4445 1405 4513 Februarii
1427 4467 1497 4512 sesa
1520 4447 1591 4534 regi
1612 4468 1753 4535 praesen-

536 4553 827 4673 ffiffllfml·
882 4551 987 4617 Venit
1015 4548 1144 4615 interea
1165 4570 1272 4615 eomes
1295 4549 1335 4614 de
1357 4547 1567 4633 Albomarlia,
1588 4550 1650 4615 sub
1679 4571 1753 4615 con-

738 4754 913 4821 ι111ιι10-ἱιιειι]
934 4756 969 4807 So
987 4755 1040 4807 also
1056 4755 1108 4815 E.;
1125 4754 1206 4805 Malo·
1227 4750 1231 4836 1
1285 4756 1518 4823 ‘consolaturum
1529 4756 1755 4814 constrinxserunt,

704 4838 786 4898 leone,
796 4836 839 4888 W.
851 4837 881 4886 B.
895 4837 924 4888 C.
1253 4833 1311 4885 MS.

738 4917 749 4946 ²
760 4915 848 4982 super]
869 4916 911 4966 On
922 4930 956 4965 an
966 4929 1074 4965 erasure.
1286 4916 1296 4942 ⁷
1307 4915 1450 4982 maria]
1468 4915 1617 4977 Interlined,
1633 4915 1686 4965 and
1703 4915 1755 4965 also

738 4994 947 5061 ¹Fotterirrpeic]
960 4993 1145 5058 Frotherigeia,
1152 4992 1208 5046 Ms.
1253 4994 1334 5044 added
1344 4993 1372 5043 in
1385 5009 1466 5061 marg.

738 5073 805 5142 ⁴ab]
824 5073 1075 5125 Writtenatfirsta.
1288 5073 1366 5139 'oi⁰.]
1385 5074 1462 5136 viiia,
1474 5073 1503 5126 C.

738 5154 920 5220 ‘cmoubceq
939 5153 1123 5219 congnovisset,
1135 5152 1192 5205 MS.
1230 5165 1233 5218 ι
