4517 6425
616 1154 659 1217 52
734 1164 897 1215 narrum
921 1163 1132 1215 rnamnnsrs
1154 1162 1319 1214 nmronm
1341 1164 1542 1216 rhenonum

447 1345 798 1429 an11nperat0rem
821 1338 1237 1427 Constantinopolitanum,
1259 1338 1425 1405 hostiliter
1448 1335 1659 1427 aggressum¹

616 1442 711 1530 oepit,
734 1444 920 1524 exeaecavit,
943 1448 979 1508 et
1000 1441 1239 1508 ementulatum
1262 1448 1422 1530 perpetuo
1444 1464 1572 1509 earcere
1586 1464 1664 1509 oon·

617 1546 818 1632 dempnavit,
841 1546 975 1633 ejusque
998 1543 1172 1631 imperium
1195 1546 1379 1631 occupavit

617 1785 689 1852 Rea
702 1783 900 1871 duplorum
921 1782 1141 1873 maneatur
1162 1782 1302 1851 domm
1320 1805 1425 1872 popoe
1447 1782 1488 1851 da
1509 1782 1664 1871 eaptimee

851 1909 917 1955 aaa
937 1887 982 1955 iat
1005 1886 1136 1955 ahma
1152 1886 1439 1976 percpi-’motione

449 2046 518 2097 AD.
533 2050 605 2096 1195.
663 2035 762 2101 Anno
784 2036 901 2123 gratiae
923 2034 1154 2103 u⁰.t⁰.xc⁰.v0.¹
1175 2056 1236 2102 rex
1258 2032 1449 2123 R[ieardua]
1480 2033 1524 2099 ad
1553 2033 1663 2099 aedem
1676 2045 1835 2126 Rapwend.

449 2139 562 2255 Mem
617 2140 829 2227 apostolieum
852 2141 992 2207 nuncios
1013 2139 1210 2229 sollempnes
1224 2140 1420 2220 destinavit,
1440 2138 1499 2227 qui
1522 2138 1559 2203 in
1580 2159 1665 2225 prae·
1700 2114 1799 2170 Μ·

448 2221 725 2336 ζὲρομ,ωεθηῢία
761 2242 912 2310 domini⁸
948 2266 1043 2331 papae
1081 2244 1265 2325 eonstituti,
1303 2242 1406 2311 talem
1442 2241 1664 2329 deposuerunt

449 2339 605 2457 gffilffie
616 2350 800 2439 querelam:
824 2351 953 2418 “Pater
974 2356 1096 2431 sanate,
1119 2351 1246 2419 salutat
1268 2350 1496 2418 excellentiam
1519 2354 1664 2415 vestram

448 2473 597 2523 alumnia
618 2453 769 2520 dominus
810 2476 870 2521 rex
912 2460 1025 2522 noster
1062 2455 1196 2543 Angliae
1235 2453 1407 2532 Ricardua
1445 2458 1481 2519 et
1517 2451 1666 2539 postulat

616 2556 681 2621 sihi
708 2554 878 2642 justitiam
909 2555 1059 2623 exhiberi
1089 2555 1133 2622 de
1164 2556 1248 2624 duee
1278 2556 1434 2634 Austriae,
1466 2554 1524 2641 qui
1556 2554 1665 2641 ipsum

617 2660 658 2724 de
691 2660 957 2747 peregrinatione
979 2681 1040 2726 sua
1063 2664 1133 2726 tam
1164 2660 1337 2738 laboriosa,
1369 2665 1439 2726 tam
1462 2662 1665 2744 sumptuosa,

616 2768 751 2848 tamque
774 2763 956 2850 periculosa
978 2767 1202 2830 revertentem
1232 2762 1330 2851 oepit,
1361 2767 1404 2843 et,
1435 2760 1533 2826 aliter
1566 2782 1665 2847 quam

617 2870 751 2931 tantum
784 2864 966 2954 prinoipem
1000 2864 1124 2943 decuit,
1162 2864 1293 2947 afflixit,
1327 2863 1591 2952 imperatorique,
1628 2885 1668 2928 ae

617 2968 646 3031 si
683 2968 742 3033 bos
779 2973 864 3035 esset
903 2969 957 3035 vel
1001 2967 1123 3048 asinus,
1170 2968 1347 3049 vendidit;
1390 2972 1425 3033 et
1458 2965 1667 3054 postmodum

619 3069 770 3156 [ambo]⁴
801 3093 939 3160 regnum
962 3070 1163 3137 intolerabili
1184 3070 1420 3157 redemptionis
1449 3068 1561 3137 debito
1593 3090 1669 3135 eon·

618 3173 794 3240 triverunt.
856 3174 927 3263 Ipsi
956 3174 1099 3263 insuper,
1130 3195 1152 3240 a
1183 3173 1383 3242 Christianae
1421 3172 1501 3240 fidei
1540 3171 1669 3260 legibus

617 3275 741 3358 ulieni,⁶
763 3277 799 3341 in
822 3277 883 3342 tali
913 3299 989 3344 easu
1016 3277 1086 3365 regi
1116 3276 1254 3344 detento
1276 3279 1429 3366 graviora
1451 3280 1670 3343 exercuerunt

612 3378 745 3464 judicia,
769 3402 869 3468 quam
899 3381 968 3469 ipse
992 3381 1213 3448 Salahadinus
1235 3381 1373 3460 fecisset,
1397 3381 1487 3447 siin
1515 3379 1669 3445 manibus

618 3482 696 3560 suis,
726 3483 829 3549 etiam
859 3484 1039 3551 exercendo
1071 3485 1198 3572 proeha,
1221 3485 1277 3551 vel
1306 3484 1424 3551 saltem
1446 3506 1505 3572 per
1527 3481 1688 3550 similem.

618 3584 839 3652 infortunium
867 3587 1059 3668 incidisset,
1093 3588 1152 3654 sed
1175 3587 1302 3676 etipse
1326 3587 1548 3654 salahadinus
1569 3585 1687 3652 mori.

619 3692 716 3754 turus
750 3711 860 3754 eoram
900 3690 1015 3756 multis
1046 3689 1134 3757 hoe⁰
1167 3695 1370 3779 protestatus
1410 3695 1469 3756 est.
1530 3685 1686 3754 Movet⁷.

620 3790 734 3875 itaque
756 3791 928 3856 dominum
957 3797 1108 3858 nostrum
1141 3815 1209 3859 nou
1239 3792 1458 3871 mediocriter,
1490 3790 1577 3877 quod
1606 3790 1668 3854 sub

619 3912 699 3977 paee
721 3895 756 3956 et
778 3894 980 3978 protectione
1009 3895 1153 3961 eeclesiae
1183 3900 1217 3960 et
1247 3899 1366 3975 vestra,
1393 3892 1546 3958 omnibus
1576 3903 1838 3978 pere-leoghe.

1713 3971 1750 4023 iii.
1762 3975 1802 4023 87.

621 3992 725 4079 grmis
757 4015 861 4080 usque
892 3995 935 4060 ad
967 3995 1183 4062 triennium*
1205 4017 1364 4076 coneesaa,
1393 4000 1430 4061 et
1462 3995 1498 4059 in
1534 4014 1668 4080 poenam

621 4095 969 4162 excommunicationis
1002 4097 1130 4163 inflicta
1162 4101 1197 4163 et
1230 4098 1373 4176 firmata,
1394 4095 1505 4184 ipsum
1526 4116 1548 4160 a
1577 4117 1670 4182 pere·

621 4197 806 4285 grinatione
842 4199 1031 4265 venientem
1068 4205 1103 4265 et
1139 4200 1261 4266 iterum
1297 4199 1404 4266 redire
1441 4198 1670 4286 disponentem

622 4305 788 4387 ceperunt,
802 4288 805 4295 ’
817 4304 918 4388 atque
950 4302 1012 4369 sub
1034 4303 1185 4369 custodia
1207 4301 1360 4370 carcerali
1382 4301 1605 4380 detrudentes,
1627 4302 1670 4366 ad

622 4402 849 4491 gravissimam
871 4403 1109 4491 redemptionis
1130 4426 1293 4472 summam
1315 4409 1499 4494 eoegerunt.
1544 4404 1568 4471 J
1569 4404 1671 4471 ubeat

658 4643 666 4676 ¹
677 4645 829 4710 maram]
849 4660 986 4711 agressum
998 4646 1056 4698 MS.
1206 4646 1314 4713 *alienfl
1332 4663 1384 4698 nou
1395 4646 1481 4708 alieni,
1492 4647 1557 4698 Edd.
1570 4648 1620 4698 and
1631 4648 1670 4699 ed

657 4722 846 4789 ¹Thronghout
861 4725 913 4775 thia
929 4741 990 4792 year
1000 4727 1030 4777 F.
1043 4727 1090 4777 has
1110 4742 1125 4778 a
1171 4728 1269 4786 Wend,
1282 4729 1328 4777 bnt
1339 4727 1446 4778 without
1456 4726 1592 4793 authority.

623 4804 710 4854 mixed
728 4811 791 4863 text,
811 4805 895 4868 partly
915 4805 980 4855 hom
998 4805 1060 4858 ΒΩ.
1075 4807 1125 4858 and
1203 4805 1280 4872 'toc]
1300 4805 1393 4857 Added
1405 4812 1473 4856 outo
1484 4805 1527 4857 the
1541 4812 1603 4856 text

623 4884 706 4947 partly
722 4882 843 4948 agreeing
859 4883 921 4934 arith
938 4884 1007 4935 what
1025 4885 1048 4936 is
1065 4886 1125 4937 here
1202 4883 1323 4951 ’Moueq
1353 4885 1464 4945 Movent,
1487 4884 1543 4937 MS.
1566 4885 1617 4935 and
1638 4885 1668 4936 F.

622 4963 731 5026 printed.
1169 4965 1240 5017 corr.
1253 4966 1318 5016 hom
1328 4965 1372 5016 W.
1384 4965 1415 5017 B.
1428 4965 1457 5017 C.

655 5041 778 5108 'dominq
797 5041 893 5104 domni,
903 5042 959 5095 MS.
1201 5044 1364 5111 'trienniumJ
1384 5043 1527 5104 terminum
1545 5041 1601 5095 MS.
1617 5045 1667 5095 and

657 5120 759 5188 ‘umdoJ
778 5122 898 5187 Supplied
909 5122 974 5174 nom
985 5122 1027 5176 W.
1038 5123 1069 5176 B.
1081 5125 1111 5178 O.
1168 5124 1198 5175 F.
1233 5124 1303 5177 corr.
1315 5125 1381 5176 llum
1391 5123 1433 5177 W.
1445 5124 1476 5176 Β.
1488 5122 1517 5176 C.
