4517 6425
719 1197 767 1245 nn
788 1186 948 1247 rannone
969 1198 1070 1246 naurs
1094 1199 1249 1263 nauarcr,
1273 1200 1339 1247 vrz.
1363 1199 1485 1248 ruurn.
1558 1188 1620 1249 341

551 1367 670 1449 ,Quod
694 1375 728 1435 et
750 1372 971 1458 significatum
998 1377 1049 1436 est
1079 1372 1212 1437 domino
1241 1395 1343 1458 papae.
1388 1372 1624 1437 Vemmtamen
1638 1384 1705 1436 nl).
1720 1390 1792 1436 maa.

552 1493 614 1536 .ex
636 1477 717 1538 tuuc
739 1475 879 1539 cessavit
901 1475 1165 1562 praesumptionis
1184 1480 1361 1562 tempestas
1382 1481 1579 1540 memoratae.

600 1752 726 1820 Electio
745 1753 844 1839 forto
869 1753 910 1820 de
931 1754 1050 1840 priore
1079 1757 1329 1825 Contucrienai
1351 1759 1529 1846 reprobatu
1552 1768 1597 1827 est

1032 1857 1171 1926 Ιίοηκε.1

401 2008 560 2086 neewerc,
617 2002 720 2070 Venit
742 2006 868 2071 interea
892 2007 1031 2071 Romam
1057 2008 1148 2094 prior
1173 2008 1352 2089 dohannes
1384 2010 1506 2075 electus
1537 2011 1622 2076 Can·
1635 2013 1766 2093 Theelee·

431 2089 465 2125 ’ν’
479 2082 534 2127 ²⁴³·
571 2108 757 2173 tuariensis.
803 2110 945 2174 Etcum
976 2110 1089 2175 literas
1119 2133 1187 2177 suae
1217 2112 1384 2176 electionis
1414 2114 1620 2193 ostendisset,
1634 2082 1781 2211 {ffissfgfth‘

571 2208 682 2273 visum
712 2217 763 2276 est
792 2233 893 2298 papae,
926 2213 1013 2297 quod
1043 2213 1143 2277 nimis
1172 2219 1258 2278 esset
1288 2236 1389 2278 senex
1412 2220 1446 2278 et
1469 2216 1620 2302 simplex,
1634 2216 1793 2293 0³¹¹stbe

551 2308 650 2375 dicet
686 2320 826 2391 sanctus,
858 2321 892 2379 et
922 2315 964 2379 ad
996 2322 1127 2379 tantam
1161 2316 1361 2381 insufficiens
1400 2282 1793 2413 dignitatem321e1{⁸{‚⁸3¹{i{by

550 2412 688 2493 .bonus,
713 2416 860 2481 sednon
881 2417 924 2480 ad
946 2419 1014 2482 hoc.
1061 2418 1106 2481 Et
1130 2440 1204 2482 cum
1227 2418 1440 2504 persuasisset
1462 2442 1557 2506 papa,
1584 2428 1623 2486 ut
1723 2505 1727 2510 .

572 2516 710 2595 cederet,
734 2519 857 2583 clectus
886 2519 1057 2586 humiliter
1086 2520 1183 2586 factae
1218 2521 1372 2585 electioni
1402 2523 1621 2603 renunciavit,

572 2624 607 2683 et
630 2620 729 2706 petiit
745 2621 912 2686 licentiam
935 2623 1050 2686 statim
1068 2623 1280 2708 repatriandi.
1328 2623 1489 2689 Concessa
1511 2630 1623 2689 autem

572 2721 715 2801 licentia,
731 2724 897 2788 monachis
920 2726 1074 2810 praecepit
1097 2748 1191 2811 papa,
1206 2730 1245 2790 ut
1267 2726 1499 2813 circumspecte
1521 2726 1624 2790 alium

573 2824 673 2889 talem
698 2826 865 2911 eligerent,
890 2828 943 2890 cui
966 2849 1048 2891 onus
1071 2850 1168 2891 suurn
1192 2829 1431 2895 communicare
1454 2834 1489 2893 et
1512 2851 1625 2894 curam

489 2972 519 3022 ³·
574 2934 683 3013 posset
705 2929 909 2995 committere
931 2930 1039 2994 tutius
1062 2930 1268 3016 pastoralem.

611 3205 684 3272 Rea
706 3206 872 3294 quosdam
893 3206 1023 3275 coacuit
1045 3231 1068 3274 a
1091 3206 1235 3276 consilio
1258 3231 1328 3287 auo,
1351 3215 1381 3275 ct
1407 3206 1450 3275 ab
1472 3205 1590 3293 officiis

1058 3311 1141 3377 auis.

315 3533 319 3545 Ι
405 3474 563 3541 languena.
622 3455 717 3522 Circa
751 3457 820 3522 dies
854 3458 928 3522 illos
967 3459 1130 3538 Leolinus,
1170 3459 1320 3544 princeps
1358 3456 1498 3533 Walliae,
1540 3456 1623 3519 fines
1634 3462 1752 3542 Ravages

431 3542 551 3641 ΜΨ
574 3557 735 3623 baronum
766 3559 897 3646 Angliae
933 3562 1104 3647 ingressus,
1137 3561 1224 3646 cepit
1257 3580 1347 3624 more
1379 3559 1474 3623 solito
1506 3578 1623 3621 vacare
1635 3532 1788 3659 {fflffif

573 3660 734 3726 incendiis
771 3666 806 3726 et
842 3663 975 3748 rapinis.
1029 3665 1247 3727 Accesserunt
1284 3666 1396 3725 autem
1433 3660 1476 3724 ad
1513 3681 1623 3746 regem
1635 3663 1689 3736 lyn,
1705 3663 1793 3726 prince

574 3763 757 3849 Anglorum
782 3764 909 3842 Petrae,
933 3765 1172 3829 Wintoniensis
1199 3764 1375 3849 episcopus,
1401 3768 1434 3827 et
1457 3762 1515 3826 alii
1537 3762 1622 3847 ejus·
1635 3729 1765 3780 ‘'ssva“

545 3864 650 3947 ,dem
688 3867 874 3943 consiliarii,
907 3868 1062 3944 dicentes,
1095 3889 1253 3952 magnum
1287 3886 1412 3930 coronae
1450 3887 1518 3930 suae
1555 3865 1624 3930 fore

577 3968 776 4049 scandalum,
816 3969 905 4054 quod
938 3969 1105 4033 Walenses
1136 3990 1265 4044 scurrae,
1303 3967 1426 4031 nullius
1464 3969 1626 4033 momenti

406 4075 564 4154 uomens
579 4069 766 4148 latrunculi,
789 4072 886 4135 annis
909 4071 1047 4158 singulis
1077 4075 1183 4135 terras
1206 4093 1281 4134 suas
1304 4075 1337 4134 et
1367 4070 1528 4133 baronum
1551 4093 1625 4134 suo·

425 4149 527 4194 ΠΜ·
577 4192 652 4234 rum
674 4173 809 4258 impune
836 4178 1053 4260 pervagantes
1082 4178 1116 4237 et
1151 4171 1304 4236 incendio
1334 4179 1451 4237 cuncta
1481 4171 1624 4259 depopu-

578 4275 693 4350 lantes,
716 4274 799 4337 nihil
822 4276 985 4340 intactum
1008 4275 1250 4359 derelinquunt.
1297 4273 1424 4352 Quibus
1452 4296 1526 4338 cum
1553 4297 1623 4338 sus·
1638 4270 1782 4351 compunxit

579 4376 663 4460 pirio
685 4397 744 4438 rex
767 4378 945 4461 respondit,
968 4377 1123 4440 “Audivi
1147 4399 1167 4439 a
1191 4376 1402 4440 thesaurariis
1424 4376 1513 4452 meis,
1536 4357 1774 4485 quod{¹}¹1{‘¹f‡p¹ff{>f

577 4477 729 4541 redditus
760 4500 872 4543 omues
906 4480 946 4544 de
980 4479 1139 4544 scaccario
1169 4478 1230 4542 vix
1264 4477 1344 4542 mihi
1376 4477 1544 4543 sufficiunt
1581 4479 1621 4543 ad
1637 4488 1771 4538 winches-

578 4580 757 4664 simplicem
779 4580 906 4644 victum
933 4586 966 4644 et
996 4581 1189 4645 elemosinas
1212 4585 1401 4660 consuetas;
1433 4580 1521 4644 unde
1544 4565 1680 4664 pau-¹⁰¹·

578 4689 689 4768 pertas
720 4703 788 4745 non
822 4682 995 4767 permittit,
1019 4689 1059 4748 ut
1087 4683 1220 4747 bellicas
1252 4682 1425 4767 expediam
1453 4681 1625 4746 actiones.'’

579 4786 672 4848 Tunc
703 4784 879 4849 consiliarii
911 4785 996 4871 regis
1029 4786 1280 4872 responderunt,
1324 4785 1388 4849 “Si
1422 4805 1547 4869 pauper
1584 4805 1629 4861 es,

579 4949 768 4958 .——--—

613 5047 620 5077 ¹
638 5045 670 5094 ln
686 5045 729 5095 the
744 5043 843 5109 margin
863 5043 885 5115 is
901 5044 987 5094 drawn
1002 5058 1018 5093 a
1034 5044 1109 5094 mitre
1121 5044 1211 5110 falling
1222 5046 1305 5106 down,
1319 5044 1369 5094 und
1386 5057 1419 5092 an
1431 5040 1630 5107 archiepiscopal

580 5140 649 5176 cross
660 5125 765 5175 broken.
