4517 6425
642 1163 706 1226 216
766 1175 931 1225 usu-rum
955 1172 1167 1224 rmsmusrs
1190 1170 1354 1221 nrsronm
1376 1168 1575 1219 lucrosum

474 1371 544 1425 M).
558 1372 630 1422 121⁷.
642 1353 763 1419 desunt
776 1349 943 1431 victualia,
959 1370 1020 1414 nee
1041 1348 1201 1414 habemus
1223 1347 1311 1412 unde
1334 1366 1489 1423 emamus,
1515 1348 1550 1409 et
1574 1365 1711 1410 averso.

642 1460 721 1521 sunt
742 1476 764 1518 a
785 1454 881 1518 nobis
903 1452 1002 1518 corde
1024 1452 1196 1526 baronum,
1214 1450 1272 1537 qui
1295 1452 1534 1528 remanserunt,
1557 1452 1712 1534 propter.

642 1556 828 1644 superbiam
851 1554 1038 1642 aliquorum
1061 1554 1103 1619 de
1124 1554 1254 1618 nostris.
1300 1551 1459 1634 Quooiros
1473 1550 1568 1616 vobis
1590 1549 1712 1636 signi-0

642 1661 713 1736 fioo,
750 1658 838 1745 quod
869 1679 928 1723 neo
962 1657 1066 1722 habeo
1104 1655 1297 1721 tenultatem
1334 1653 1517 1734 resistendi,
1555 1674 1615 1718 neo
1648 1651 1691 1716 eb

644 1761 767 1848 Anglie
803 1759 984 1839 recedendi,
1019 1759 1085 1824 nisi
1118 1758 1202 1823 mihi
1236 1762 1389 1844 potenter
1419 1755 1622 1843 provideatis
1656 1754 1692 1818 in

644 1863 792 1931 subsidio
813 1860 980 1929 militari.’'

756 2150 964 2218 Prooidetur
989 2148 1186 2217 subsidium
1211 2148 1366 2215 militaro
1389 2147 1569 2214 Lodowioo.

480 2303 611 2371 Theking
692 2301 841 2388 Cumque
862 2300 906 2364 od
919 2304 1047 2386 patrem
1070 2298 1111 2364 de
1134 2299 1213 2376 filio,
1236 2305 1271 2363 et
1294 2298 1337 2364 ad
1359 2320 1496 2363 uxorem
1518 2298 1559 2362 de
1574 2297 1694 2361 merito
1705 2296 1864 2362 Rog.wenu.

480 2374 616 2491 ‘gffioe
648 2402 729 2469 tolio
750 2402 984 2490 pervenissent,
1001 2401 1179 2467 doluerunt
1201 2400 1307 2481 valde,
1330 2401 1439 2487 ipsum
1453 2401 1489 2464 in
1511 2399 1573 2465 toli
1594 2398 1695 2464 firisse

1742 2365 1777 2416 iv.
1789 2369 1830 2418 2⁷.

480 2505 637 2623 ιῡίὲῖϋὼωῂ
647 2506 786 2572 articulo
822 2503 1050 2571 constitutum.
1122 2504 1196 2569 Rex
1232 2508 1345 2569 autem
1382 2503 1489 2568 tristis
1526 2502 1717 2588 respondit.

481 2587 616 2704 ...ὥς
647 2608 785 2685 nunciis,
807 2607 927 2688 “om
949 2608 1014 2672 sbi
1035 2608 1112 2673 vult
1142 2606 1259 2672 stum
1318 2604 1717 2693 vivitnew[i11e1mus].

479 2704 634 2824 ffffilh
647 2733 787 2798 magnus
820 2710 953 2797 Angliae
987 2708 1253 2775 Mnresosllusl’'
1309 2707 1355 2773 Et
1391 2706 1462 2774 est¹
1493 2729 1717 2795 responsum„

647 2820 665 2851 “
681 2811 817 2879 Immo.’'
859 2812 906 2878 Et
927 2835 997 2895 rex,
1020 2811 1128 2877 “Non
1142 2811 1246 2899 igitur
1266 2811 1452 2878 timendum
1474 2809 1547 2877 est¹
1571 2810 1613 2876 de
1627 2810 1715 2875 filio·

648 2914 745 2981 meo.'’
791 2915 893 2981 Unde
914 2915 1002 2981 idem
1025 2914 1240 3002 W[illelmus]
1262 2920 1376 2982 notam
1399 2914 1597 3002 proditionis
1619 2934 1717 2977 oon·

648 3019 755 3084 traxit
776 3018 992 3084 indelebilem.
1027 3018 1073 3083 Et
1088 3019 1244 3103 quonium
1259 3041 1317 3084 rex
1339 3018 1454 3083 timuit
1476 3017 1545 3082 filio
1567 3038 1715 3082 ermom--

649 3122 816 3187 munioeto
842 3142 935 3208 opem
957 3121 1041 3186 ferre
1063 3121 1279 3201 manifestam,
1295 3123 1353 3209 qui
1375 3122 1568 3187 multotiens
1586 3121 1695 3186 fuerat
1707 3117 1864 3196 Ruptum

649 3247 748 3312 super
772 3226 834 3291 hoo
864 3247 886 3290 a
914 3247 1001 3313 popo
1033 3226 1238 3313 redargutus,
1273 3249 1333 3293 neo
1363 3227 1474 3313 potuit
1504 3237 1598 3312 pater
1625 3227 1715 3290 filio·
1743 3190 1831 3237 Μ’

649 3329 766 3408 deesse,
795 3350 956 3393 summam
987 3328 1088 3415 hujus
1110 3330 1236 3417 negotii
1267 3331 1426 3418 imposuit
1450 3331 1549 3397 uxori
1572 3329 1696 3418 L[odo

648 3432 747 3519 wioi].
794 3431 876 3512 Quae
898 3453 966 3496 non
980 3432 1126 3518 segniter
1141 3453 1210 3498 rem
1233 3432 1297 3497 sibi
1312 3433 1503 3520 impositam
1525 3457 1697 3521 exequens,

649 3534 771 3600 milites
793 3539 885 3600 θεοῖοε
907 3539 1058 3600 strenuos
1081 3535 1117 3599 in
1139 3535 1324 3602 subsidium
1339 3538 1405 3602 viri
1428 3540 1480 3603 sui
1502 3560 1576 3604 oum
1591 3537 1698 3603 multu

484 3636 643 3769 gfflnos
648 3642 849 3703 armatorum
878 3659 979 3701 manu
1008 3640 1200 3705 transmisit.
1245 3639 1311 3705 Sed
1342 3641 1412 3706 haeo
1446 3643 1556 3706 omnis
1588 3663 1697 3728 regem

485 3773 594 3837 Henrys
649 3739 833 3826 Anglorum
864 3742 968 3808 lutere
998 3764 1065 3807 non
1096 3748 1261 3830 poterant,
1292 3746 1350 3831 qui
1379 3745 1460 3831 jam,
1491 3746 1618 3810 viribus
1647 3766 1698 3808 re-

486 3838 548 3889 siue.
650 3843 802 3931 sumptis,
832 3865 907 3908 oum
936 3844 1065 3931 ingenti
1099 3846 1247 3912 exercitu
1280 3847 1440 3913 australis
1470 3848 1569 3912 maris
1599 3847 1698 3911 litora

653 3952 876 4030 occupaverat,
926 3951 960 4011 et
998 3948 1112 4013 urbem
1151 3949 1398 4015 Londonisrum
1436 3950 1624 4016 decreverat
1661 3947 1698 4012 in

487 4053 635 4168 11ng
653 4049 804 4136 proximo
836 4049 1004 4115 obsidione
1033 4050 1164 4118 vallare.
1220 4052 1415 4139 Assignovit
1448 4075 1524 4141 ergo
1554 4074 1623 4130 rex,
1657 4053 1698 4117 de

486 4128 621 4251 {uffiss
653 4150 786 4216 oonsilio
809 4150 1000 4230 Maresoolli
1015 4152 1206 4241 Philippum
1227 4156 1269 4220 de
1283 4156 1440 4222 Albineto
1462 4162 1497 4221 et
1511 4156 1535 4222 J
1537 4157 1698 4222 ohannem

486 4261 575 4305 00⁸⁸ss-
654 4253 889 4336 Maresoellum
913 4256 1010 4321 simul
1042 4279 1117 4321 oum
1143 4280 1174 4324 v.
1200 4260 1361 4346 portubus
1392 4266 1426 4326 et
1458 4260 1531 4326 aliis
1562 4263 1699 4327 minatis

652 4356 776 4437 multis,
798 4358 856 4443 qui
877 4359 1009 4424 semitas
1031 4361 1132 4425 maris
1153 4362 1301 4428 sollerter
1322 4362 1535 4449 speculantes
1558 4365 1697 4431 Franco·

653 4481 727 4524 rum
749 4459 958 4547 explorarent
980 4466 1014 4527 et
1035 4462 1219 4530 adventum
1241 4466 1469 4552 praepedirent
