4517 6425
664 1162 729 1228 408
786 1172 952 1225 marm
975 1171 1188 1225 rimaranes
1210 1168 1374 1223 nrsroara
1395 1170 1596 1223 arenosum

496 1357 565 1411 M>-
579 1364 652 1411 12³⁸·
665 1352 712 1417 ibi
734 1354 829 1416 tutus
854 1349 1010 1416 latitaret.
1056 1349 1264 1416 Ascendente
1295 1354 1408 1415 autem
1433 1349 1640 1436 querimonia
1661 1370 1716 1415 us·

667 1476 730 1541 que
752 1455 795 1518 ad
817 1476 913 1519 aures
935 1454 1029 1540 regis,
1044 1452 1115 1539 ipse
1135 1450 1215 1517 rex¹
1241 1453 1345 1518 iratus
1360 1452 1463 1539 jussit
1485 1453 1558 1539 capi
1580 1453 1718 1518 scolares

497 1568 595 1619 Oxford
668 1562 703 1623 et
724 1557 926 1635 incarcerari,
959 1555 1047 1642 quod
1080 1561 1114 1621 et
1138 1556 1263 1621 factum
1295 1560 1352 1621 est.
1410 1555 1555 1643 Legatus
1584 1556 1718 1642 insuper

496 1637 583 1752 ἓξὲξ
594 1649 641 1750 {¹11¹
664 1661 736 1746 jam
758 1661 819 1725 sub
842 1659 903 1724 alis
930 1664 1096 1746 protectus
1126 1665 1161 1723 et
1184 1663 1279 1724 tutus
1305 1658 1413 1745 regiis
1437 1658 1606 1723 civitatem
1629 1657 1718 1724 Oxo·

469 1768 632 1834 radietas
668 1763 733 1828 niae
772 1762 945 1848 supposuit
990 1760 1175 1838 interdicte,
1212 1760 1413 1847 suspendens
1458 1760 1718 1825 universitatem.

495 1836 639 1900 delegate.
668 1864 924 1930 Elaborantibus
946 1864 1049 1950 igitur
1070 1862 1237 1949 episcopis,
1261 1885 1336 1927 cum
1359 1863 1449 1927 omni
1472 1864 1557 1927 clero
1577 1862 1718 1949 Angliae,

665 1971 726 2033 vix
747 1967 958 2033 reconciliata
980 1971 1030 2031 est
1052 1966 1116 2051 ipsi
1139 1966 1248 2053 legato
1278 1966 1488 2043 universitas,
1511 1964 1588 2030 licet
1618 1966 1719 2030 nimis

665 2072 695 2136 ei
727 2092 831 2157 prona
861 2075 895 2134 et
928 2068 1111 2133 humiliata
1157 2067 1203 2133 Et
1228 2068 1294 2132 nisi
1319 2067 1537 2133 instillaretur
1570 2070 1606 2132 in
1639 2089 1718 2133 aure

663 2172 775 2259 legati,
809 2172 896 2258 quod
928 2171 993 2235 nisi
1028 2175 1177 2257 parceret
1210 2170 1325 2256 rigori,
1356 2172 1474 2235 timere
1508 2171 1611 2257 possit
1639 2170 1718 2256 pelli

664 2298 742 2353 suae,
766 2296 841 2339 cum
863 2273 963 2337 multi
986 2271 1156 2339 Walenses
1179 2278 1214 2338 et
1238 2273 1329 2338 Scoti
1361 2277 1396 2336 et
1428 2272 1486 2336 alii
1519 2273 1651 2338 barbari
1681 2272 1718 2337 in

663 2378 751 2442 facto
775 2399 835 2441 suo
858 2376 1066 2453 laederentur,
1099 2373 1257 2461 majorem
1292 2375 1492 2440 tirannidem
1524 2375 1562 2440 in
1593 2375 1718 2440 ultione

665 2481 872 2546 exercuisset.

752 2757 944 2854 Mittitrcc
966 2754 1146 2821 ceciliam
1168 2753 1372 2841 imperatori
1394 2752 1627 2842 F[rctberico].

496 2920 658 3039 stiffi,
714 2905 839 2969 Eodem
869 2924 965 2979 ann0,
988 2903 1102 2966 statim
1135 2908 1210 2987 post
1233 2902 1364 2978 Pascha,
1391 2904 1482 2969 misit
1507 2926 1566 2969 rex
1588 2904 1719 2991 Angliae

494 3003 538 3036 ⁸⁰¹¹
556 3004 581 3065 ⁸.
628 3002 645 3050 p
704 3008 813 3071 ilitare
860 3005 1027 3070 raesidium
1057 3005 1101 3067 im
1127 3004 1247 3068 eratori
1272 3004 1298 3068 F
1319 3028 1335 3068 r
1355 3004 1438 3069 theri
1706 3050 1719 3060 -

495 3032 768 3184 {inipbiosiiheiiblles
791 3029 866 3173 ends
889 3106 1036 3170 Ytalicos
1068 3026 1250 3183 diiiiicanti,
1272 3004 1649 3175 eribeducdiidflcddliirci
1669 3030 1719 3175 rde

665 3210 878 3286 Trublevilla,
894 3209 1019 3286 militis,
1043 3215 1077 3274 et
1100 3209 1122 3273 J
1125 3209 1264 3274 ohannis
1288 3210 1423 3287 Mansel,
1440 3211 1556 3291 clerici,
1579 3219 1614 3278 et
1639 3215 1719 3279 Wil-

663 3316 754 3379 lelmi
772 3312 922 3389 Hardel,2
937 3313 1044 3377 clerici
1067 3318 1103 3377 et
1125 3312 1207 3376 civis
1223 3312 1468 3392 Londoniensis‚
1485 3337 1558 3379 cum
1582 3319 1721 3403 pecunia

664 3418 772 3482 multa
794 3417 1018 3502 stipendiariis
1041 3416 1110 3479 suis
1133 3416 1357 3501 persolvenda
1405 3415 1471 3496 Qui
1506 3424 1579 3484 tota
1604 3426 1720 3485 aestate

665 3520 856 3605 imperatori
892 3523 1025 3582 strenue
1057 3516 1251 3594 militantes,
1281 3518 1404 3583 multos
1437 3519 1628 3606 imperatori
1662 3522 1720 3585 ad-

665 3627 835 3687 versantes
857 3626 1010 3707 potenter
1033 3618 1250 3685 edomuerunt
1271 3626 1308 3685 et
1329 3621 1556 3688 subdiderunt.

813 3989 815 3993 ,
900 3921 1056 3989 Moritur
1077 3921 1249 3988 Soldcoos
1271 3921 1485 3988 Bcdiloac'ca³
1741 3945 1785 3995 rol.
1800 3945 1882 3998 ravo.

497 4089 624 4142 Dathof
715 4072 903 4157 Eodemque
929 4075 1077 4157 tempore
1104 4068 1189 4134 obiit
1215 4068 1463 4155 potentissimus
1479 4070 1642 4137 Soldanus
1657 4071 1721 4136 Ba-

497 4157 648 4276 ²¹}⁸Bsg¹‘}³¹¹
669 4175 811 4255 biloniae,
828 4174 1017 4239 Fretherico
1041 4172 1233 4259 imperatori
1256 4172 1481 4253 amicissimus,
1498 4174 1587 4259 quod
1604 4175 1721 4261 proba-

497 4241 513 4274 ⁰
556 4240 657 4291 cyon.
669 4278 729 4356 vit,
752 4299 825 4343 cum
849 4276 954 4341 eidem
978 4272 1204 4364 F[retheric0]
1233 4274 1323 4339 ituro
1345 4274 1388 4338 ad
1410 4275 1534 4339 flumen
1558 4275 1722 4357 Jordanis,

668 4380 709 4444 de
724 4379 911 4466 proditione
933 4377 996 4442 sibi
1019 4381 1206 4465 praeparata
1227 4378 1448 4464 praemunivit.
1496 4377 1572 4460 Hic,
1588 4383 1627 4443 ut
1642 4379 1724 4444 dici-

668 4488 733 4560 tur,
766 4480 924 4569 baptismi
950 4480 1143 4566 suscepisset
1165 4486 1414 4561 sacramentum,
1447 4479 1513 4544 nisi
1546 4486 1722 4568 parentum

668 4606 802 4650 suorum
825 4582 1039 4671 obprobrium
1061 4581 1277 4648 formidasset

701 4923 709 4952 ¹
728 4922 799 4986 repis,
812 4921 864 4985 ipre
875 4917 932 4983 rea]
946 4917 1040 4967 Added
1053 4915 1079 4965 in
1090 4931 1170 4981 marg.
1222 4920 1338 4968 crowned
1349 4921 1399 4969 and
1413 4921 1522 4972 bearded
1533 4921 1606 4983 head,
1617 4924 1665 4973 and
1678 4931 1722 4974 out

701 5003 711 5032 ²
729 4999 839 5063 Hordei]
855 4997 948 5047 Added
958 4996 986 5044 in
997 5011 1076 5060 marg.
1222 4998 1253 5047 of
1268 4997 1311 5048 the
1328 5001 1416 5050 mouth
1433 5001 1476 5050 the
1499 5001 1553 5051 soul
1568 5002 1590 5051 is
1606 5002 1722 5066 depicted

701 5083 711 5110 ²
739 5081 771 5130 In
797 5078 839 5128 the
867 5076 966 5140 margin
990 5076 1013 5124 is
1041 5076 1127 5125 dravn
1156 5091 1172 5124 a
1222 5077 1319 5143 issuing
1330 5078 1357 5128 in
1368 5081 1410 5130 the
1421 5081 1498 5145 shape
1510 5081 1540 5130 os
1547 5082 1646 5132 ablack
1657 5081 1720 5132 bird.
