4517 6425
869 1223 916 1275 ns
938 1224 1096 1276 nnuman
1119 1226 1424 1281 assumseram.
1631 1219 1673 1285 99

622 1400 664 1465 ab
678 1399 740 1465 hac
754 1400 871 1488 rapina
885 1400 922 1465 in
938 1402 1081 1467 ecclesiis
1097 1405 1373 1471 conventualibus
1388 1408 1442 1474 vel
1465 1408 1673 1496 parrochiali·
1683 1420 1753 1474 Aa).
1767 1431 1843 1477 raes.

622 1503 684 1568 bus
710 1526 829 1569 manua
847 1504 1001 1570 cohibuit
1023 1506 1196 1572 violentae
1241 1507 1373 1575 Habuit
1395 1510 1557 1597 siquidem
1573 1512 1672 1598 hujus

621 1607 820 1673 extersionis
843 1614 1032 1675 executores
1051 1609 1090 1675 in
1110 1611 1209 1677 rebus
1232 1612 1457 1679 ecclesiasticis
1473 1614 1673 1693 Hubertum,

622 1711 900 1799 archiepiscopum
911 1712 1193 1795 Cantuariensem,
1202 1716 1239 1779 in
1252 1715 1345 1781 laicis
1357 1715 1543 1785 Galfridum
1552 1718 1673 1786 filium·

623 1815 723 1896 Petri,
740 1815 959 1901 justiciarum,
982 1818 1040 1906 qni
1067 1817 1153 1883 nulli
1176 1825 1398 1908 pepercerunt.

622 2106 778 2193 Qualiter
792 2106 922 2175 dictim
938 2108 1083 2197 profecit
1097 2109 1142 2176 ia
1157 2132 1221 2177 mur
1234 2132 1359 2198 perarua
1374 2133 1432 2177 rea
1445 2112 1671 2195 Francorum,

708 2213 857 2279 monime
880 2236 960 2279 cunc
983 2237 1015 2279 ec
1037 2236 1095 2280 rea
1117 2213 1325 2302 Helcanae]
1349 2215 1586 2283 obcaecaverat.

447 2375 608 2431 Rwena.
666 2363 738 2428 Rex
761 2384 839 2428 vero
855 2363 1066 2443 Francorum,
1077 2362 1149 2446 jam
1172 2384 1214 2426 ex
1236 2363 1384 2428 absentia
1406 2369 1441 2429 et
1463 2365 1671 2451 elongatione
1683 2378 1806 2432 Praeced-

459 2443 499 2494 iii.
511 2449 567 2496 ¹⁷³·
602 2466 709 2553 -regis
722 2466 746 2531 J
748 2466 919 2553 [ohannis]
943 2466 1050 2531 factus
1065 2465 1214 2546 erectior,
1237 2468 1273 2530 in
1296 2465 1493 2532 fortitudine
1512 2470 1606 2555 gravi
1629 2446 1837 2579 adffifflsf‘h‘

622 2570 768 2657 singulas
782 2570 935 2635 unitates
950 2574 986 2635 et
1000 2569 1135 2634 castella
1149 2573 1313 2635 terrarum
1327 2569 1558 2657 praedictarum
1568 2573 1670 2651 venit,
1682 2580 1779 2633 Franco

621 2673 796 2738 ostendens
812 2674 939 2738 civibus
954 2679 988 2739 et
1004 2672 1201 2751 castellanis,
1224 2695 1258 2737 se
1280 2696 1301 2737 a
1323 2673 1455 2739 domino
1476 2695 1535 2738 suo
1557 2675 1669 2761 regulo
1682 2649 1775 2767 ᾗῇ,

600 2776 763 2864 .fugitivo
785 2777 937 2863 caedeque
959 2775 1105 2842 nefaria¹
1131 2776 1259 2863 polluto
1282 2775 1351 2843 fore
1374 2776 1554 2844 derelictos.
1592 2778 1671 2845 Pro-
1679 2783 1819 2848 <101²qu-

443 2880 607 2960 nocivam
620 2882 730 2969 posuit
756 2882 857 2947 etiam
883 2902 918 2946 se
943 2880 1158 2967 principalem
1181 2902 1250 2947 esse
1272 2880 1444 2947 dominum
1464 2881 1596 2947 illarum
1618 2905 1667 2950 re·
1680 2873 1766 2995 ἔξω

469 2963 511 3000 ¹¹¹'
527 2952 581 3002 ¹⁷⁴'
617 2986 762 3072 giorum,
774 3006 855 3071 qnae
869 2983 898 3049 si
908 2983 982 3069 jam
997 3005 1056 3048 rex
1067 2984 1251 3069 Anglorum
1263 3006 1322 3069 per
1332 2983 1502 3071 ignaviam
1513 2986 1667 3066 desemit,
1680 2961 1833 3066 ammi
1935 2988 1940 2998 '

616 3088 694 3174 ipse,
724 3087 813 3175 quod
847 3109 943 3153 suum
974 3092 1054 3164 erat,
1077 3086 1233 3153 videlicet
1264 3086 1445 3174 principale
1475 3088 1667 3169 dominium,
1678 3078 1750 3130 υἱώ·

457 3194 507 3246 fol.
521 3195 586 3248 88⁶·
616 3192 679 3259 sibi
702 3191 879 3279 indempne
900 3190 1011 3257 voluit
1033 3190 1218 3272 reservari;
1239 3192 1329 3257 unde
1351 3191 1569 3259 amicabiliter
1590 3216 1666 3282 aup-

616 3296 760 3383 plicavit,
784 3300 824 3361 ut
853 3297 962 3383 ipsum
987 3295 1024 3359 in
1046 3296 1219 3362 dominum
1240 3297 1431 3382 reciperent,
1455 3296 1534 3361 dum
1565 3296 1668 3363 alium

615 3421 681 3464 non
712 3400 881 3465 haberent.
929 3398 1027 3479 Quod
1061 3399 1090 3464 ei
1124 3399 1187 3464 hoc
1217 3403 1390 3484 gratanter
1416 3396 1522 3463 facere
1544 3398 1668 3464 noluis-

594 3508 697 3581 -sent,
720 3502 898 3568 affirmavit
929 3524 1003 3567 cum
1030 3501 1229 3586 juramento,
1253 3500 1341 3587 quod
1374 3499 1425 3566 si²
1447 3505 1562 3567 contra
1592 3523 1667 3568 eum

616 3612 780 3673 certamen
802 3607 934 3683 inirent,
959 3611 993 3671 et
1018 3606 1088 3691 ipse
1114 3626 1169 3670 eos
1192 3604 1354 3670 violenter
1378 3604 1442 3669 eibi
1465 3603 1667 3691 subjugaret,

615 3733 725 3777 omnes
748 3711 899 3798 patibulo
922 3709 1136 3796 suspenderet
1159 3713 1218 3773 aut
1240 3707 1336 3772 vivos
1352 3706 1541 3772 decoriaret.
1580 3707 1665 3774 'I'an-

613 3816 687 3881 dem
701 3822 777 3903 post
791 3813 992 3879 multashinc
1029 3812 1107 3877 inde
1123 3809 1404 3899 disceptationes³
1428 3817 1665 3878 consensenmt

592 3928 597 3935 '
612 3919 822 3998 unanimiter,
839 3920 878 3982 ut
892 3916 1011 3982 darent
1033 3914 1162 3981 obsides
1177 3914 1247 4003 regi
1264 3913 1467 3980 Francorum
1482 3935 1541 4002 pro
1564 3915 1672 3981 unius'

613 4023 691 4087 anni
723 4021 865 4086 induciis
877 4045 885 4100 ;
920 4019 1040 4105 quibus
1075 4018 1227 4096 evolutis,
1260 4018 1288 4084 si
1320 4040 1340 4082 a
1371 4039 1448 4105 rege
1478 4017 1663 4105 Anglorum

612 4146 797 4191 succursum
823 4145 891 4188 non
906 4121 1075 4202 haberent,
1092 4122 1201 4209 ipsum
1224 4142 1334 4209 regem
1349 4120 1550 4187 Francorum
1573 4123 1664 4188 dein·

613 4252 685 4316 ceps
708 4232 747 4293 ut
770 4227 940 4292 dominum
962 4231 1238 4312 recognoscerent,
1261 4226 1476 4311 civitatesque
1496 4225 1526 4291 ei
1547 4225 1662 4294 redde·

591 4336 734 4399 .rentet
749 4330 890 4396 castella
936 4329 1065 4410 Quibus
1086 4329 1137 4393 ita
1157 4330 1268 4416 gestis,
1291 4350 1350 4395 rex
1372 4327 1573 4397 Francorum
1588 4351 1662 4396 cum

612 4458 668 4525 spe
690 4437 777 4501 bona
798 4435 841 4501 ad
864 4434 996 4522 propria
1017 4433 1185 4500 remeavit.

646 4751 652 4778 ¹
666 4748 777 4813 nesorio]
797 4745 925 4811 nepharia‚
937 4744 994 4794 MS.
1192 4741 1413 4806 ‘disceptatione
1466 4733 1658 4800 deceptatione,

645 4826 728 4892 Δ’φωτὶ
738 4827 773 4892 rr]
793 4827 834 4878 On
846 4841 878 4875 en
890 4839 996 4875 erasure.
1157 4822 1215 4872 MS.
1228 4822 1277 4871 end
1288 4822 1318 4872 F.
