4517 6425
630 1157 696 1221 300
756 1170 923 1222 narrum
946 1169 1162 1222 raarsrnrsrs
1184 1168 1348 1220 maroam
1369 1169 1570 1222 auoaouuu.

461 1482 530 1535 Ap,
546 1488 617 1536 122⁸,
643 1463 694 1529 Dc
718 1460 946 1530 troaalctimw
971 1459 1126 1539 sacrat,
1151 1459 1411 1528 Soreahirieusia
1433 1460 1589 1550 episcopi,
1612 1463 1660 1530 od

1034 1566 1268 1634 Duaclmam.l

460 1740 620 1791 Translation
668 1722 793 1787 Eodem
808 1741 905 1801 anno,
916 1723 1044 1786 cassata
1055 1719 1171 1785 Romae
1186 1720 1345 1785 electione
1357 1721 1508 1807 magistri
1519 1720 1681 1786 Willelmi
1691 1721 1850 1788 laguena

460 1807 618 1870 ofRichmr,
630 1824 730 1901 Secti,
756 1824 988 1889 Dunelmensis
1015 1822 1119 1901 electi,
1145 1822 1315 1903 Ricardus,
1338 1823 1589 1890 saresbiriensis
1612 1824 1679 1909 epi·
1719 1806 1754 1843 ιν·
1768 1798 1823 1844 ¹⁵⁶·

460 1875 619 2005 gmon·
629 1949 753 2013 scopus,
777 1926 821 1991 ad
848 1926 990 1991 eundem
1013 1926 1239 2012 episcopatum
1266 1926 1456 2013 postulatur
1471 1932 1505 1992 et
1524 1926 1679 1991 transfer-

460 2008 583 2061 Durum
628 2036 693 2095 tur.
740 2029 821 2094 Post
847 2029 940 2115 eujus
972 2027 1227 2093 translationem
1251 2029 1400 2093 canonici
1425 2029 1680 2095 Sareshirienses

628 2133 798 2219 elegerrmt
823 2132 1019 2217 magistrum
1043 2130 1228 2196 Robertum
1254 2130 1295 2196 de
1311 2130 1476 2195 Binham²
1498 2133 1535 2195 in
1557 2132 1679 2218 episco-

460 2271 580 2322 Deciano
628 2258 716 2323 pum,
732 2241 772 2299 ut
786 2238 984 2321 praetactum
999 2239 1057 2299 est.
1091 2233 1165 2313 Quo
1180 2234 1297 2319 utique
1312 2255 1400 2299 anno
1415 2233 1524 2299 decisa
1538 2241 1589 2300 est
1603 2256 1680 2300 con·

461 2336 573 2417 sim
584 2347 611 2389 ω
630 2338 736 2403 tentio
759 2338 848 2403 inter
870 2337 1045 2403 monachos
1069 2335 1310 2402 Ooventrenses
1325 2342 1360 2401 et
1377 2337 1552 2402 canonicos
1568 2337 1681 2403 Licha·
1692 2340 1850 2420 Roawena

461 2405 799 2524 {issgfli'toiffeldenses
814 2462 913 2528 super
935 2441 1085 2526 episcopo
1100 2439 1261 2526 eligendo,
1278 2438 1391 2504 Romae
1408 2461 1467 2526 per
1481 2442 1681 2506 sententiam
1721 2424 1755 2459 ”¹
1770 2413 1824 2461 ¹⁵⁷¹

460 2538 503 2589 ²¹¹⁰
513 2538 611 2605 bichop.
630 2542 850 2617 diffinitivam,
867 2542 1063 2621 itascilicet,
1079 2546 1119 2606 ut
1135 2542 1288 2627 deinceps
1310 2541 1476 2628 episcopos
1490 2542 1682 2608 alternatim

628 2646 762 2733 eligant,
778 2644 932 2709 monachi
954 2645 1108 2731 primum,
1125 2650 1160 2709 et
1176 2643 1334 2723 canonici,
1357 2667 1395 2709 eo
1411 2643 1577 2724 defuncto,
1601 2646 1682 2711 alte

627 2771 722 2828 rum3
753 2747 815 2812 hoc
845 2751 960 2810 tamen
991 2746 1177 2822 observato,
1200 2751 1240 2810 ut
1269 2746 1360 2832 prior
1383 2744 1616 2812 Coventrensis
1645 2748 1683 2812 in

627 2851 786 2917 electione
810 2849 952 2936 primam
979 2870 1107 2935 semper
1129 2850 1252 2913 habeut
1274 2871 1395 2914 vocem.
1454 2850 1496 2913 In
1518 2872 1585 2935 qua
1610 2873 1682 2916 sen-

628 2954 737 3019 tentia
758 2952 893 3017 videtur
916 2952 1096 3037 plurimum
1114 2951 1185 3036 juri
1208 2950 1443 3015 monachorum
1466 2951 1566 3016 fuisse
1589 2952 1681 3018 dero-

627 3066 752 3145 gatum,
777 3054 835 3141 qui
858 3060 995 3119 eatenus
1018 3075 1146 3141 semper
1168 3053 1341 3140 pontifices
1363 3052 1533 3140 elegerant
1556 3055 1680 3143 absque

630 3181 790 3228 consensu
814 3156 1054 3224 canonicorum.

674 3427 722 3492 Dc
744 3423 915 3491 scatentia
937 3422 982 3490 ia
1003 3423 1244 3508 imperatorem
1264 3422 1529 3511 ilcetlaaca'oum]
1551 3424 1630 3492 loto.

458 3589 613 3640 Excommu-
675 3574 769 3641 Circa
784 3572 853 3638 dies
875 3572 950 3636 illos
971 3593 1058 3658 papa
1073 3570 1258 3656 Gregorius
1273 3593 1348 3636 cum
1370 3572 1579 3659 imperatoris
1605 3577 1851 3657 con-Roawtud.

458 3655 613 3774 ffifflmf
628 3678 816 3756 tumaciam‚
839 3674 939 3739 simul
960 3678 995 3739 et
1019 3672 1179 3738 Crucifixi
1209 3679 1443 3762 contemptum,
1475 3677 1678 3763 impunitum
1720 3660 1754 3696 ιγ’
1770 3651 1824 3698 ¹⁵⁷·

459 3738 600 3868 formai&
629 3781 756 3846 diutius
789 3777 973 3842 distulisset
995 3797 1034 3840 aa
1057 3774 1317 3853 dissimulasset,a
1341 3779 1484 3855 tandem,
1516 3800 1558 3844 ne
1587 3780 1701 3844 canis·

459 3857 536 3908 ἀπ’
628 3883 798 3949 videretur
820 3879 942 3944 latrare
965 3899 1033 3942 non
1055 3877 1180 3957 valens,
1197 3877 1237 3943 de
1254 3879 1389 3944 consilio
1411 3879 1550 3946 fratrum
1573 3881 1678 3945 cardi-

628 3986 754 4051 nalium
792 4003 928 4048 suorum
958 3981 1066 4065 ipsum
1100 3981 1331 4066 imperatorem
1369 3982 1676 4060 excommunicavit,
1756 3986 1760 3993 ’

629 4093 663 4152 et
686 4087 790 4150 latam
814 4083 1015 4149 sententiam
1037 4105 1095 4169 per
1125 4081 1241 4147 literas
1263 4085 1461 4170 apostolicas
1483 4086 1518 4149 in
1541 4084 1679 4150 diversis

628 4188 747 4254 mundi
763 4186 916 4276 partibus
931 4185 1093 4272 publicari
1108 4187 1274 4272 praecepit.
1321 4185 1416 4252 Inter
1430 4193 1552 4253 ceteros
1568 4193 1679 4254 autem

628 4291 726 4378 hujus
764 4289 939 4355 sententiae
969 4287 1199 4374 publicatores,
1234 4289 1412 4375 Stephano,
1449 4289 1681 4357 (lantuariensi

626 4393 881 4480 archiepiscopo,
905 4390 1037 4477 scripsit
1067 4391 1105 4454 in
1139 4390 1209 4455 haec
1239 4391 1350 4469 verba,
1371 4398 1393 4449 .“
1404 4391 1590 4480 Gregorius,
1614 4397 1681 4482 epi-

626 4493 771 4583 scopus,”
803 4500 863 4559 eto.
887 4515 961 4580 quae
991 4491 1198 4578 sequuntu1·.⁴
1244 4492 1430 4580 Imperator
1451 4500 1563 4561 autem
1588 4497 1680 4583 F[re-
1693 4511 1851 4630 Roavpsepd.

1721 4594 1755 4631 lv.
1819 4617 1825 4631 ι

659 4734 710 4785 ¹In
733 4734 776 4785 the
798 4733 898 4798 margin
915 4747 957 4782 are
975 4733 1061 4781 drawn
1076 4737 1127 4781 two
1211 4730 1376 4797 ‘separated
1395 4741 1521 4798 aequuum,
1532 4734 1590 4786 ΜΒ.
1618 4735 1682 4787 This

625 4815 713 4866 mitres
737 4813 824 4872 joined
845 4811 968 4876 together,
996 4809 1057 4860 with
1084 4810 1128 4859 the
1177 4812 1302 4862 wordand
1311 4813 1352 4862 the
1361 4814 1551 4880 precedingone
1560 4831 1602 4866 are
1610 4832 1681 4866 onan

625 4894 691 4945 head
702 4893 755 4943 ofa
766 4891 860 4941 crosier
871 4891 950 4940 above
961 4889 1036 4939 them.
1178 4905 1286 4941 erasure.
1308 4892 1365 4941 The
1375 4893 1448 4943 letter
1459 4893 1482 4943 is
1493 4894 1518 4943 in
1528 4894 1680 4957 wendover,

657 4975 668 5003 ²
680 4970 803 5036 Binltum]
817 4969 951 5020 Corrccted
960 4965 1086 5032 Benylam
1101 4966 1128 5017 in
1178 4970 1405 5032 iv.157-165‚and
1417 4972 1444 5021 in
1456 4973 1488 5022 B.
1500 4973 1538 5035 0.,
1547 4976 1597 5024 dat.
1610 4976 1681 5025 “La-

625 5067 711 5182 m’rge
717 5126 905 5193 dissimulasset]
915 5126 1010 5179 Added
1016 5126 1043 5177 iu
1049 5141 1130 5191 marg.
1179 5057 1267 5114 mm,
1278 5060 1348 5116 pom,
1361 5066 1427 5102 mo
1438 5067 1464 5102 u·
