4517 6425
600 1163 621 1224 8
732 1171 896 1223 narrem
918 1170 1131 1223 elsm1assrs
1154 1170 1317 1222 ntsrosm
1338 1169 1538 1221 arenosum.

427 1359 501 1411 an.
516 1365 586 1412 nes.
600 1349 665 1416 nisi
680 1348 717 1414 in
739 1353 850 1414 mente
873 1347 996 1413 habeat
1017 1351 1225 1412 sacramenta
1247 1350 1359 1412 tenere
1374 1366 1448 1431 quae
1470 1345 1555 1412 fecit
1602 1345 1648 1410 Et

600 1454 670 1540 ipse
692 1451 871 1539 respondit,
887 1472 923 1516 se
944 1471 1003 1537 per
1028 1449 1192 1514 auxilium
1215 1448 1281 1515 Dei
1305 1448 1392 1513 bona
1413 1448 1479 1513 fide
1494 1448 1648 1514 observa·

600 1562 714 1622 turum
744 1552 856 1620 omnia
889 1552 1087 1640 supradicta
1133 1551 1262 1617 Deinde
1291 1571 1445 1617 coronam
1479 1549 1521 1616 de
1549 1550 1648 1616 altari
1705 1561 1708 1567 '

600 1656 762 1745 accipiens
783 1678 844 1722 rex
875 1654 1016 1721 tradidit
1045 1653 1294 1742 archiepiscope,
1324 1662 1423 1740 quam
1453 1653 1521 1740 ipse
1545 1652 1649 1740 capiti

599 1759 685 1848 regis
714 1758 882 1847 imposuit,
905 1763 1071 1845 sceptrum
1100 1757 1138 1822 in
1167 1777 1268 1822 manu
1294 1757 1439 1834 dextera,
1461 1762 1496 1822 et
1517 1755 1647 1844 virgam

599 1862 742 1950 regalem
771 1861 810 1926 in
832 1860 976 1927 sinistra
1022 1861 1069 1926 Et
1098 1860 1145 1925 sio
1174 1863 1349 1926 coronatus
1377 1859 1496 1925 ductus
1524 1863 1576 1924 est
1604 1859 1647 1924 ab
1659 1870 1816 1950 Ropylend.

600 1964 760 2052 episcopis
782 1968 817 2030 et
838 1962 1028 2042 baronibus,
1042 1962 1305 2050 praecedentibus
1327 1961 1540 2039 candelabris,
1555 1982 1648 2026 cruce
1703 1953 1741 1988 ¹¹¹·
1754 1943 1777 1990 ⁷·

601 2072 635 2132 et
658 2066 767 2132 tribus
789 2066 911 2154 gladiis
937 2063 1174 2152 supradietis3¹
1200 2069 1235 2130 et
1256 2064 1388 2152 incepta
1414 2069 1466 2130 est
1487 2064 1562 2129 ilico
1584 2062 1666 2155 sol-.

600 2169 741 2256 lempnis
755 2168 923 2235 festivitas
944 2167 1053 2234 missae
1075 2166 1298 2234 celebrandae.2
1342 2166 1389 2232 Et
1403 2166 1499 2233 cum'
1512 2187 1667 2255 perram.

601 2278 675 2338 tum
697 2270 815 2337 fuisset
837 2271 880 2335 ad
902 2269 1108 2336 offertorium
1125 2269 1245 2351 mlssae,
1268 2268 1398 2356 praefati
1421 2269 1486 2334 duo
1509 2269 1651 2357 episcopi

601 2375 770 2440 duxerunt
794 2395 869 2439 eum
891 2373 935 2438 ad
958 2373 1171 2453 offerendum,
1195 2377 1231 2438 et
1254 2369 1426 2460 [iterumJ‘
1449 2371 1652 2438 reduxerunt

603 2475 755 2543 similiter
777 2475 820 2540 ad
842 2474 977 2562 pacem⁶
1022 2474 1179 2554 Tandem,
1199 2475 1299 2540 missa
1312 2474 1495 2561 gaudenter
1508 2479 1651 2553 cantata,

603 2584 639 2646 et
660 2577 812 2645 omnibus
834 2577 898 2643 rite
921 2577 1070 2664 peractis,
1085 2577 1255 2664 saepedicti
1278 2576 1344 2642 duo
1367 2577 1509 2664 episcopi
1531 2577 1651 2643 redux-

603 2686 703 2747 erunt
717 2701 792 2746 eum
807 2685 1009 2758 coronatum,
1026 2683 1192 2766 sceptrum
1214 2679 1251 2743 in
1273 2679 1401 2758 dextra,
1416 2678 1559 2766 regalem
1573 2701 1653 2745 vero

603 2783 733 2870 virgam
752 2781 789 2846 in
811 2781 946 2846 sinistra
967 2780 1195 2867 bajulantem
1217 2787 1260 2861 et,
1277 2781 1429 2868 ordinata
1442 2782 1652 2868 processione,

605 2886 641 2950 in
672 2885 807 2951 chorum
829 2882 951 2949 reversi
984 2888 1072 2949 sunt.
1118 2882 1193 2964 Quo
1223 2904 1298 2948 oum
1327 2884 1562 2971 pervenissent,
1583 2907 1652 2964 rex,

605 2987 763 3074 depositis
799 2986 964 3073 regalibus
1001 2985 1216 3064 indumentis,
1252 2985 1391 3053 leviores
1425 3008 1579 3054 coronam
1615 2993 1651 3052 et

437 3095 553 3157 Banquet
605 3093 713 3155 vestes
737 3110 914 3169 resumens,
936 3088 1083 3176 perrexit
1103 3087 1148 3154 ad
1169 3089 1353 3175 prandium.
1400 3087 1471 3155 Ubi
1491 3089 1669 3177 archiepi-

437 3161 578 3294 fflffiy,
604 3214 722 3281 scopus
737 3190 984 3258 cantuariensis
998 3191 1035 3257 in
1057 3190 1268 3257 eminentiori
1290 3191 1370 3270 loco,
1385 3191 1510 3259 scilicet
1531 3217 1552 3259 a
1573 3192 1668 3259 dex--

604 3296 666 3362 tris
702 3294 798 3382 regis,
837 3299 872 3360 et
908 3299 1024 3381 postea
1059 3293 1118 3359 alii
1157 3293 1389 3382 archiepiscopi
1426 3300 1462 3361 et
1498 3296 1670 3383 episcopi,-

604 3398 740 3464 comites
761 3402 796 3463 et
821 3395 968 3478 barones,
991 3396 1172 3462 secundum
1195 3419 1291 3462 suum
1314 3396 1462 3463 ordinem
1485 3402 1520 3464 et
1544 3398 1651 3486 digni-

604 3505 718 3581 tatem,
733 3521 808 3566 cum
831 3499 917 3565 clero
935 3505 970 3564 et
991 3499 1122 3587 populo,
1143 3499 1188 3565 ad
1202 3521 1347 3566 mensam
1369 3500 1525 3579 collocati,
1540 3501 1651 3588 epula

604 3604 728 3669 bantur
749 3601 921 3688 splendide
953 3607 988 3669 et
1020 3606 1202 3689 gratanter.
1246 3604 1333 3669 Acta
1363 3608 1475 3669 autem
1505 3603 1575 3670 haec
1597 3604 1651 3669 die

606 3705 789 3785 Dominioa,
811 3704 875 3769 iiio.
897 3725 1002 3770 nonas
1025 3704 1238 3792 Septembris.
1285 3704 1402 3772 Officia
1439 3705 1669 3794 praelatorum.

607 3815 641 3874 et
663 3811 863 3893 magnatum,
887 3828 961 3892 quse
983 3806 1026 3873 ab
1055 3808 1195 3893 antiquo
1211 3806 1287 3892 jure
1309 3813 1344 3873 et
1358 3809 1593 3874 consuetudine
1615 3810 1671 3874 in·

606 3931 720 3998 regum
742 3908 1008 3974 coronationibus
1030 3909 1094 3974 sibi
1115 3909 1294 3976 vendicant
1327 3916 1362 3977 et
1393 3910 1498 3977 facere
1520 3910 1671 3990 debent·

607 4014 644 4077 in
667 4009 800 4077 Rutulis
823 4009 981 4077 Scocoarii
1004 4015 1162 4099 poterunt
1184 4008 1341 4099 reperiri⁰

785 4187 954 4194 ---......-.

642 4287 823 4355 'supradictrsJ
858 4290 890 4339 In
924 4291 955 4340 B.
984 4308 1060 4358 aurp.
1082 4292 1106 4341 is
1185 4292 1301 4359 ‘pacem]
1322 4292 1503 4344 SoalscinF.
1537 4293 1569 4344 In
1586 4294 1649 4345 Ben.

609 4367 697 4428 added,
709 4366 744 4417 ad
760 4367 836 4418 sedem
846 4386 923 4430 mam,
934 4370 986 4421 aad
996 4386 1024 4421 so
1037 4372 1066 4423 C.
1152 4372 1220 4422 Abb.
1232 4388 1256 4437 p.
1268 4376 1326 4433 557,
1341 4373 1392 4422 and
1411 4372 1543 4435 Heredes,
1554 4387 1579 4436 p.
1593 4378 1650 4436 ott,

640 4447 785 4511 ²sestr'm'tcr
790 4446 1037 4516 mbsoeeclebrandae]
1052 4450 1107 4500 Ad·
1154 4466 1192 4501 we
1203 4451 1269 4502 have
1281 4451 1366 4502 aedem·

609 4526 657 4575 ded
667 4526 695 4574 in
706 4541 787 4591 marg.
1186 4532 1365 4597 “'ffiffl'aw
1381 4532 1500 4598 reperiri]
1519 4531 1614 4583 Added
1625 4533 1653 4583 in

642 4605 728 4671 ’rum]
748 4606 843 4655 Added
856 4605 884 4655 in
900 4622 981 4672 marg.
1154 4626 1233 4676 marg.
1241 4612 1291 4661 and
1298 4610 1408 4661 inserted
1416 4609 1444 4660 in
1450 4618 1506 4661 text
1514 4611 1545 4661 of
1550 4612 1580 4661 F.
1598 4612 1655 4663 'l’hc

643 4684 762 4750 ⁴r'tcrum]
783 4684 902 4749 Supplied
924 4686 990 4736 from
1011 4686 1054 4738 W.
1076 4688 1108 4738 B.
1155 4688 1606 4755 wordsialtctults...repeririare
1622 4707 1653 4741 on

611 4762 641 4813 C.
653 4761 683 4812 F.
718 4761 863 4829 Originally
874 4764 975 4814 written
989 4773 1013 4815 et
1022 4764 1110 4816 redur-
1156 4785 1188 4819 an
1207 4784 1315 4831 erasure,
1333 4771 1385 4820 and
1404 4777 1455 4819 tuo
1465 4786 1494 4820 or
1504 4769 1574 4821 three
1583 4771 1656 4821 other

611 4841 727 4892 murae
736 4842 891 4908 emerendum,
903 4846 949 4895 but
958 4846 1063 4897 marked
1070 4847 1111 4897 for
1157 4849 1222 4899 lines
1236 4849 1266 4900 of
1279 4848 1382 4915 writing
1399 4849 1465 4901 heve
1483 4851 1546 4901 been
1566 4850 1655 4901 oblite-

610 4921 794 4987 mnwosltion·
1157 4929 1235 4979 rated.
