4517 6425
620 1170 684 1236 504
745 1182 908 1235 uerrunt
931 1184 1146 1234 mmsmnsrs
1168 1180 1333 1233 merome
1355 1178 1555 1236 motorum

451 1368 520 1420 Ab.
535 1373 607 1419 12⁴5.
620 1362 716 1437 taret,
749 1360 920 1447 respondit
952 1381 1020 1437 rex,
1053 1360 1161 1426 “Non
1195 1379 1248 1423 me
1285 1357 1385 1443 hujus
1417 1353 1466 1420 rei
1503 1356 1669 1419 auctorem

450 1451 551 1584 m
561 1524 589 1569 to
619 1466 792 1548 protestor,
826 1464 883 1528 sed
905 1463 1046 1528 barones
1067 1463 1142 1541 mei,
1165 1467 1260 1527 tuam
1286 1457 1523 1545 comperientes
1544 1453 1671 1541 repaci-

450 1585 578 1652 theking.
619 1569 734 1647 tatem,
756 1566 816 1629 vix
847 1587 881 1630 se
912 1565 1093 1643 continent,
1116 1565 1197 1651 quin
1230 1564 1406 1650 insurgent
1434 1559 1472 1625 in
1502 1564 1546 1636 be,
1569 1558 1671 1621 immo

618 1668 721 1732 etiem
752 1666 807 1733 eb¹
832 1669 868 1732 in
901 1689 955 1733 me
988 1667 1106 1755 ipsum,
1129 1690 1168 1734 eo
1191 1666 1279 1754 quod
1306 1664 1406 1744 euos?
1428 1684 1503 1750 quae
1535 1660 1671 1726 modum

619 1771 793 1847 excedunt,
809 1770 977 1857 impetus³
998 1773 1160 1837 hactenus
1174 1770 1320 1836 toleravi
1354 1768 1504 1849 Quorum
1525 1765 1670 1829 furorem

619 1873 679 1937 vix
700 1873 892 1958 compescui,
906 1874 988 1959 quin
1012 1875 1048 1938 in
1070 1878 1105 1939 te
1127 1873 1353 1953 irruentes,'te
1375 1868 1586 1935 membratim
1601 1886 1670 1929 non

619 1974 877 2041 dilacerassent.''
923 1976 988 2042 Oui
1021 1975 1187 2041 Martinus
1220 1974 1337 2040 humili
1359 1995 1398 2038 oc
1419 1969 1560 2038 tremulo
1590 1988 1671 2033 voce

451 2082 580 2163 Robertlp
620 2078 677 2155 ait,
703 2076 817 2143 “Peto
849 2077 962 2165 igitur,
997 2080 1040 2145 ob
1075 2078 1152 2145 Der
1170 2099 1316 2143 amorem
1349 2080 1385 2141 et
1415 2072 1543 2139 domini
1575 2092 1671 2157 papae

452 2150 599 2268 fflz
620 2180 847 2258 reverentiam,
870 2182 1012 2248 liberum
1035 2181 1164 2247 exitum
1195 2204 1216 2246 a
1249 2186 1339 2247 terro
1371 2179 1439 2256 hec,
1463 2170 1613 2243 exitum⁴
1636 2178 1671 2239 et
1704 2193 1708 2198 ·

450 2284 562 2400 ffiduet
621 2283 847 2348 conductum'’
906 2284 1111 2371 Adsignatus
1145 2288 1197 2349 est
1227 2284 1339 2370 igitur,
1375 2302 1451 2369 rege
1484 2278 1672 2354 miserante,

451 2358 546 2471 noveii,
622 2386 653 2452 ei
690 2385 734 2451 ad
771 2386 929 2453 ducatum
966 2409 1069 2474 usque
1106 2388 1281 2465 Doverom
1316 2384 1470 2451 dominus
1508 2381 1673 2448 Robertus

572 2516 576 2524 ·
622 2487 789 2569 Noriscus,
811 2511 898 2555 unus
929 2490 1054 2556 scilicet
1085 2489 1348 2556 marescallorum
1381 2485 1517 2573 hospitii
1546 2482 1673 2548 domini

620 2592 714 2679 regis,
738 2591 780 2658 de
802 2594 895 2680 cujus
928 2593 1134 2679 protectione
1166 2592 1325 2680 magister
1353 2589 1519 2654 Martinus
1541 2606 1674 2652 securus

620 2699 655 2759 et
676 2700 853 2782 protectus,
875 2717 981 2782 usquc
1014 2696 1058 2762 ad
1091 2695 1258 2761 Doverum
1290 2692 1478 2781 indempnis
1512 2690 1672 2777 pervenit.

620 2796 752 2862 Timens
773 2802 885 2864 autem
907 2821 949 2864 ne
972 2820 1142 2885 permane
1165 2799 1215 2863 illi
1237 2798 1347 2885 laquei
1371 2798 1574 2884 pararentur,
1598 2814 1672 2879 pro·

620 2899 713 2966 misit
735 2901 978 2967 constabulario
1001 2902 1102 2967 castri
1125 2907 1161 2968 et
1182 2907 1365 2967 memorato
1386 2900 1533 2965 Roberto
1561 2896 1673 2984 provi·

522 3089 529 3102 .
620 3002 729 3067 siones
757 3004 800 3069 ad
831 3026 913 3090 opus
945 3003 1147 3091 parentum⁶
1169 3026 1303 3071 suorum
1335 3001 1493 3082 exhiberi,
1516 3020 1576 3087 pro
1598 3019 1674 3065 con-

451 3088 608 3207 ffiff'
621 3102 748 3170 ductu⁰
814 3105 900 3172 Cum
943 3112 1056 3173 cutem
1101 3106 1211 3173 dictus
1256 3106 1422 3172 Martinus
1472 3103 1673 3191 Lugdunum

451 3224 544 3288 plnnu
554 3226 598 3274 oe-
621 3208 834 3295 pervenisset,
857 3232 992 3296 gravem
1014 3233 1123 3276 coram
1157 3221 1243 3298 papo
1272 3232 1370 3298 super
1390 3207 1559 3296 praedictis
1580 3227 1675 3293 repo-

451 3291 559 3421 lirietite
622 3312 691 3377 wil
713 3306 1041 3399 querimoniam,'sed
1062 3336 1150 3401 papa
1181 3336 1255 3380 cum
1281 3312 1418 3380 occultis
1440 3311 1540 3378 minis
1562 3309 1676 3376 omnio

452 3424 548 3489 Lyons‘
581 3494 583 3502 ¹
623 3415 869 3496 dissimulavit,⁷
891 3422 1043 3504 tempora
1064 3416 1262 3506 promittens
1285 3413 1472 3482 sermione

835 3699 908 3766 Rec
930 3680 1085 3787 disponit
1106 3701 1264 3788 impetere
1293 3699 1462 3768 Wolle'om.

454 3869 544 3936 fleury
668 3854 827 3945 Tempore
848 3881 980 3946 quoque
1002 3862 1064 3926 sub
1087 3862 1200 3927 eodem
1227 3861 1379 3927 dominus
1401 3883 1460 3928 rex
1482 3881 1542 3925 nec
1563 3859 1676 3925 valens

452 3952 600 4055 πω..
625 3978 685 4025 nec
706 3962 822 4027 volens
836 3961 1040 4029 Wolensium
1061 3964 1207 4052 impetus
1228 3965 1404 4051 injuriosos
1426 3961 1589 4051 amplius⁹
1606 3985 1676 4028 sus-

658 4224 667 4256 ¹
684 4225 881 4291 et]1nterlined.
1175 4231 1247 4282 three
1263 4233 1354 4295 words,
1364 4231 1449 4282 which
1466 4246 1509 4284 are
1524 4248 1559 4283 on
1575 4249 1608 4284 nn
1623 4247 1678 4284 era·

657 4305 750 4370 2ιιιοε]
770 4306 915 4373 Originally
925 4309 1101 4362 metentem.
1176 4326 1241 4363 sure.
1275 4311 1333 4362 The
1354 4319 1409 4363 text
1430 4312 1488 4363 first
1508 4313 1608 4364 written
1630 4315 1678 4364 hes

658 4385 668 4413 ¹
685 4384 799 4450 impetus]
824 4386 935 4438 Written
952 4404 986 4438 on
1002 4405 1018 4439 o
1031 4390 1083 4454 sllp
1099 4391 1129 4440 of
1176 4393 1240 4442 been
1252 4392 1399 4443 obliterated
1410 4408 1439 4443 so
1450 4393 1610 4458 completely,
1620 4394 1678 4444 thet

624 4463 718 4514 vellum
744 4467 832 4529 posted
859 4481 919 4516 over
946 4468 990 4518 the
1017 4468 1125 4534 original
1176 4473 1238 4536 only
1253 4488 1269 4523 e
1285 4473 1357 4522 word
1375 4488 1404 4522 or
1422 4478 1473 4522 two
1490 4487 1538 4523 cen
1557 4475 1587 4523 be
1604 4475 1679 4523 mede

624 4543 732 4609 reading
742 4543 941 4610 depredationes,
952 4561 980 4597 es
990 4546 1018 4597 in
1029 4548 1060 4600 B.
1072 4548 1101 4600 C.
1176 4558 1228 4602 out.

657 4625 667 4653 ⁴
683 4624 785 4690 exitum]
808 4625 937 4690 Repented
955 4626 983 4676 in
1002 4627 1069 4691 Ms„
1086 4629 1126 4678 for
1210 4629 1411 4698 retenensis]
1431 4632 1487 4682 The
1504 4633 1553 4683 last
1571 4632 1680 4698 syllable

623 4701 709 4753 which
731 4719 770 4753 we
797 4704 887 4755 should
914 4706 1038 4771 probably
1065 4709 1126 4758 reed
1176 4710 1404 4762 isonanemure.
1504 4750 1507 4756 -

624 4783 871 4844 tutum,asinB.C.
1209 4791 1372 4857 'sereniora]
1393 4791 1435 4841 On
1453 4806 1611 4843 enemente.
1644 4792 1677 4843 In

657 4863 823 4929 ‘parentum
835 4871 962 4928 parntem,
973 4865 1029 4916 MS·
1177 4870 1221 4920 the
1243 4871 1343 4937 margin
1363 4871 1410 4921 has
1426 4871 1489 4921 been
1509 4873 1591 4922 added
1608 4888 1680 4936 opor·

656 4941 746 5005 ‘repis
763 4977 770 4991 .
789 4977 795 4992 .
813 4977 821 4990 .
839 4977 846 4991 .
863 4942 995 5009 modeste]
1014 4943 1124 4996 Written
1178 4957 1247 5012 tuno,
1258 4951 1304 5001 but
1314 4951 1460 5002 mnenon
1470 4953 1563 5003 maced.

623 5033 657 5067 on
677 5034 693 5068 a
712 5019 782 5083 piece
801 5020 833 5070 ol
847 5021 942 5072 vellum
959 5025 1047 5088 posted
1064 5039 1126 5075 over
1210 5033 1221 5060 ⁸
1237 5028 1356 5097 amplius]
1370 5031 1463 5082 Added
1474 5031 1501 5081 in
1512 5047 1593 5098 marg.

623 5097 667 5149 the
689 5098 797 5164 original
819 5107 882 5162 text,
905 5108 996 5167 except
1013 5103 1057 5154 the
1077 5084 1149 5154 lustl
