4517 6425
657 1182 724 1246 364
783 1194 951 1246 nemum
974 1193 1190 1244 ramsrnusrs
1212 1191 1378 1243 merome
1399 1191 1601 1243 suenorum

487 1381 557 1431 Μ).
571 1386 643 1431 12³⁴.
656 1372 789 1460 spoliati
812 1376 909 1438 erant
923 1394 945 1437 a
958 1371 1056 1437 rebus
1077 1370 1231 1437 omnibus
1253 1370 1341 1458 apud
1364 1369 1552 1449 Grosmunt,
1569 1372 1609 1433 ut
1628 1390 1709 1455 prse-

488 1477 603 1528 Unum
656 1476 783 1541 dictum
805 1480 863 1541 est
912 1474 986 1555 Quo
1008 1474 1123 1561 utique
1145 1482 1292 1561 tempore
1306 1473 1408 1561 coepit
1430 1478 1518 1539 terra
1538 1471 1614 1559 gelu
1636 1493 1711 1558 gru-

486 1545 634 1663 aptum
656 1578 745 1643 viter
766 1577 956 1664 constringi,
971 1578 1022 1671 ita
1036 1579 1125 1664 quod
1141 1578 1254 1665 fruges
1275 1577 1523 1643 suffocabantur
1544 1576 1581 1639 in
1602 1575 1709 1661 agris;

656 1682 783 1746 radices
816 1702 945 1767 quoque
987 1680 1163 1746 herbarum
1195 1681 1232 1745 in
1263 1676 1390 1758 horti-‚¹
1432 1701 1507 1765 quae
1543 1676 1717 1765 quatu0r2,

656 1784 778 1871 pedum
812 1783 990 1848 altitudine
1024 1783 1211 1870 figebantur
1242 1783 1279 1848 in
1309 1789 1406 1859 terra,
1430 1782 1601 1847 desiccatae
1625 1779 1715 1867 peri-,

522 1899 610 1950 areb.
656 1892 764 1951 erunt.
810 1885 884 1951 Hoc
899 1885 1000 1951 etiam
1022 1886 1099 1973 gelu
1120 1908 1224 1973 usque
1246 1886 1290 1951 ad
1312 1884 1579 1951 Purifieationem
1603 1883 1708 1948 beatae

656 1989 772 2054 Mariae
787 1989 945 2054 continue
967 1988 1039 2054 sine
1065 1988 1144 2054 nive
1159 1988 1349 2075 perdurans,
1376 1986 1616 2075 agriculturam
1638 2007 1717 2058 sus.

655 2090 780 2178 pendit,
803 2096 838 2157 et
859 2095 973 2157 secuta
994 2096 1045 2157 est
1067 2091 1224 2158 sterilitas
1247 2096 1282 2158 et
1304 2092 1406 2156 fames
1428 2090 1625 2178 importuna.
1710 2135 1728 2163 ,.

756 2403 981 2471 Moreecoltoa
998 2403 1124 2471 multos
1142 2404 1182 2472 cle
1203 2404 1350 2473 lwstibua
1371 2403 1447 2473 soie
1463 2404 1616 2493 peremit.

488 2574 558 2625 John
569 2576 599 2625 of
704 2556 746 2621 In
768 2558 911 2623 crastino
941 2561 1053 2623 autem
1080 2556 1213 2623 Natalis
1236 2557 1368 2623 Domini
1400 2556 1571 2623 «Iohannes
1594 2555 1881 2639 Moneta-wend-

488 2642 638 2759 ffi‘ffllffi
653 2659 824 2738 metensis,
847 2660 901 2725 vir
923 2660 1056 2746 quidem
1079 2659 1202 2727 nobilis
1225 2667 1260 2727 et
1282 2666 1409 2748 potens,
1426 2682 1500 2726 cum
1523 2681 1598 2747 rege
1621 2658 1716 2726 mili-¹
1744 2632 1851 2679 ¹''²⁸⁹'

489 2776 569 2825 forceo
581 2778 624 2827 de
659 2768 734 2828 tans
755 2762 792 2827 in
807 2762 936 2839 wallia,
952 2763 1117 2850 copiosum
1134 2763 1266 2851 collegit
1280 2763 1470 2845 exercitum,
1486 2768 1525 2829 ut
1547 2763 1717 2828 furtivum'

487 2842 614 2960 {ffirll'l
659 2865 780 2931 faceret
814 2865 977 2952 impetum
1012 2865 1049 2930 in
1081 2867 1236 2931 comitem
1259 2865 1498 2932 Marescallum.
1544 2865 1610 2931 Sed
1633 2887 1708 2931 cum

488 2976 637 3030 Mareotae
658 2968 720 3035 hoc
741 2990 801 3055 per
822 2968 996 3055 diligentes
1011 2969 1235 3056 exploratores
1258 2970 1371 3035 comiti
1393 2968 1601 3046 innotuisset,
1616 2968 1729 3037 misit.

657 3094 692 3138 se
714 3071 752 3136 in
774 3070 940 3158 quandam
973 3071 1093 3138 silvam
1124 3073 1259 3139 densam
1294 3078 1328 3138 et
1362 3094 1505 3160 opacam,
1528 3094 1586 3159 per
1607 3094 1727 3167 quamq.

656 3175 767 3242 hostes
803 3176 935 3241 fuerant
973 3175 1159 3256 transituri,
1196 3182 1235 3243 ut
1270 3176 1402 3243 eosdem
1438 3175 1614 3255 deluderet,
1650 3174 1707 3262 qui

655 3280 765 3368 ipsum
787 3279 934 3367 decipere
957 3279 1157 3367 cogitabant.
1204 3281 1288 3348 (lum
1318 3281 1424 3368 igitur
1447 3277 1627 3345 adversarii
1641 3298 1716 3345 me·

657 3382 776 3449 morati
797 3383 841 3448 ad
862 3383 971 3449 locum
1005 3383 1201 3448 insidiarum
1236 3383 1472 3471 pervenissent,
1496 3382 1716 3449 Maroscallus·

529 3504 536 3520 ⁰
655 3492 691 3552 ct
713 3487 878 3552 exereitus
892 3486 964 3573 ejus
987 3491 1079 3552 totus
1104 3486 1282 3573 strepitum
1304 3486 1493 3553 horribilem
1516 3508 1592 3552 cum
1614 3485 1715 3552 lituis¹

656 3595 690 3656 et
713 3589 826 3656 tubis⁸
857 3589 1088 3677 elangentibus
1114 3596 1252 3678 repente
1277 3587 1548 3677 prorumpentes⁴
1582 3595 1616 3655 et
1646 3589 1708 3654 im·

657 3694 804 3759 munitos
826 3693 1031 3773 invadentes,
1047 3716 1160 3760 omnes
1183 3693 1218 3758 in
1241 3694 1354 3781 fugam
1377 3691 1615 3781 compulerunt.
1661 3692 1707 3758 Et
1719 3705 1882 3785 ngWend.

656 3797 821 3884 fugientes
849 3797 1000 3876 insecuti,
1028 3798 1151 3864 multos
1177 3820 1197 3862 a
1224 3801 1316 3883 tergo
1345 3796 1467 3862 lanceis
1498 3795 1727 3864 transverbe.
1748 3790 1782 3826 Ν·
1796 3781 1855 3830 ²⁹⁰·

656 3907 745 3966 ratos
760 3901 1002 3967 interfecerunt.
1048 3900 1113 3966 Sed
1136 3901 1172 3966 in
1195 3899 1489 3987 Pietavenses,'qui
1511 3898 1633 3965 eisdem
1655 3922 1725 3973 aa,

656 4003 874 4085 sociabantur,
897 4003 1084 4091 protervius
1115 4004 1292 4083 irruerunt,
1326 4003 1404 4090 quia
1433 4002 1530 4089 ipsos,
1554 4021 1727 4090 quorum„

656 4107 826 4194 proprium
861 4112 912 4172 est
941 4107 1095 4172 seducere
1124 4113 1160 4173 et
1188 4107 1374 4194 proditores
1388 4128 1467 4186 esse,
1497 4127 1564 4171 non
1584 4104 1724 4193 puduit.
1745 4102 1750 4113 ¹

657 4210 814 4296 anglicos
829 4230 944 4275 vocare
966 4208 1160 4296 proditores.
1206 4209 1381 4298 Perempta
1402 4210 1505 4298 igitur
1527 4208 1568 4274 de
1590 4209 1725 4281 adver,

657 4312 751 4378 scriis
765 4311 982 4378 multitudine
996 4311 1134 4398 copiosa,
1151 4311 1211 4376 vix
1225 4312 1296 4400 ipse
1310 4312 1333 4378 J
1335 4312 1479 4378 ohannes
1493 4334 1576 4399 equo
1591 4315 1723 4399 raptus.

658 4414 861 4481 velocissimo
895 4419 946 4479 est
978 4414 1113 4502 elapsus
1172 4415 1219 4481 Et
1251 4415 1464 4502 progrediens
1496 4415 1724 4490 Marescallus,

658 4518 765 4585 victor
796 4539 871 4584 cum
902 4517 971 4583 suis
1007 4516 1201 4604 legionibus,
1224 4517 1321 4584 villas
1343 4518 1489 4605 ejusdem
1511 4517 1705 4606 J[ohannis]
1812 4552 1814 4556 ·

658 4628 693 4689 et
729 4620 877 4700 aedificia,
914 4642 988 4686 eum
1033 4619 1187 4687 omnibus
1224 4644 1299 4709 quae
1335 4621 1438 4709 ipsius
1473 4627 1580 4699 erant,
1620 4623 1705 4687 ferro

659 4726 855 4814 flammaque
871 4723 1069 4804 devastavit.
1115 4724 1193 4789 Hiis
1210 4723 1260 4790 ita
1278 4725 1389 4812 gestis,
1407 4725 1616 4791 Murescallus
1631 4746 1725 4802 cum,

717 4889 795 4895 —,—
1003 4886 1076 4893 ..--
1116 4887 1145 4892 ...
1166 4888 1172 4891 -
1250 4888 1253 4892 .
1285 4889 1289 4893 .
1322 4889 1325 4893 .
1384 4888 1388 4893 .
1410 4889 1429 4894 ..
1467 4889 1473 4893 -
1496 4888 1692 4896 -——-v*--—..

691 4991 698 5026 ¹
716 4991 805 5058 terta]
819 4990 887 5052 ortis,
897 4990 954 5043 MS.
1204 4991 1255 5042 add
1270 4991 1409 5054 emittentes,
1428 4991 1514 5043 ehieh
1542 4993 1643 5044 readers
1663 4992 1705 5044 the

689 5075 700 5105 ¹
716 5071 833 5138 mmor]
846 5079 1003 5137 quatuorcen,
1014 5069 1070 5123 MS.
1204 5086 1276 5123 sense
1288 5071 1388 5122 clearer.

689 5150 795 5218 'taliq
819 5152 893 5203 Aster
910 5151 961 5204 this
979 5153 1052 5203 word
1069 5149 1113 5203 W.
1128 5150 1150 5203 1.
1237 5151 1454 5219 ‘prorumpenteeJ
1469 5160 1634 5220 erumpentes,
1643 5151 1704 5207 ΒΩ.
