4517 6425
662 1186 726 1255 356
781 1198 946 1250 ueneni
970 1195 1180 1249 riersinrisrs
1203 1186 1591 1278 n1sroniianonosuu.
1683 1242 1686 1248 ,

496 1478 565 1533 ren.
582 1480 656 1531 1238.
693 1465 743 1531 De
766 1462 919 1532 electiooe
942 1458 1106 1549 mopistri
1125 1457 1322 1527 AEibnoodi
1343 1456 1387 1524 ie
1409 1454 1702 1543 archiepiscopari

1043 1560 1348 1632 Caesariensem}

499 1731 625 1783 neelea-
715 1715 869 1783 Monaohi
891 1735 969 1781 vero
991 1734 1052 1779 nec
1073 1714 1189 1801 ipsum,
1215 1734 1275 1779 nec
1306 1709 1417 1791 alium,
1440 1711 1498 1797 qui
1521 1708 1894 1802 immabi-Rogmoi.

501 1798 639 1918 mg
670 1819 769 1887 liter⁸
792 1819 970 1885 noluerunt
991 1818 1063 1883 sine
1085 1814 1268 1883 conventus
1295 1837 1453 1882 consensu
1486 1814 1537 1880 sui
1569 1814 1737 1900 recipere„
1755 1805 1790 1840 ¹⁸⁷·
1803 1791 1864 1841 ²⁶⁷·

502 1932 593 1997 hythe
674 1921 888 1989 cantuariam
921 1920 1117 1987 festinanter
1150 1919 1311 1999 adierunt,
1346 1924 1381 1984 et
1414 1939 1605 1984 consensum
1641 1936 1737 1988 con·,

499 1996 663 2129 ffifflbffiy,
675 2032 795 2092 ventus
831 2045 930 2112 super
965 2021 1164 2111 praemissis,⁸
1200 2022 1304 2087 totius
1341 2028 1523 2089 conventus
1556 2025 1739 2107 promtam.

673 2126 887 2217 repererunt⁴
912 2125 1053 2213 gratiani
1083 2129 1117 2191 et
1139 2124 1293 2195 favorem.
1339 2125 1393 2189 Ex
1414 2128 1494 2190 tunc
1517 2123 1620 2211 igitur
1641 2122 1759 2195 AEd„

671 2232 815 2297 mundus
837 2229 1046 2295 beatissimus
1069 2227 1109 2312 de
1130 2227 1256 2293 virtute
1288 2227 1324 2292 in
1349 2228 1509 2293 virtutem
1535 2226 1758 2304 ascenderis„

621 2380 627 2392 ·
672 2333 780 2421 grstia
804 2332 865 2397 Dei
888 2337 923 2398 et
944 2330 1116 2397 hominurn
1139 2329 1339 2407 subarratus,
1362 2330 1442 2395 felix
1464 2330 1501 2394 in
1524 2330 1615 2395 omni
1636 2351 1760 2417 prae-..

672 2436 797 2501 stantia
821 2433 958 2522 suscipit
989 2433 1265 2499 incrementum·
1292 2432 1448 2498 Miserius
1478 2438 1530 2498 est
1560 2432 1759 2501 Dominus..

672 2538 769 2616 illius,
803 2542 838 2602 et
870 2535 981 2600 omnia
1014 2535 1084 2622 ejus
1122 2556 1222 2621 opera
1259 2535 1432 2622 dirigebat,
1465 2535 1550 2601 siout
1585 2556 1759 2621 sequens..

674 2637 800 2708 serm0⁵
822 2638 1004 2705 luculenter
1025 2637 1213 2705 declarabit.

701 2935 872 3023 Quomodo
896 2934 1083 3004 coiieili'wm
1104 2934 1255 3023 episcopi
1282 2934 1532 3006 Wictooe‘eriec's
1554 2956 1700 3022 ceperam
1770 2993 1776 3009 ,

1089 3040 1315 3127 perturbavit.

512 3199 635 3253 &uide
692 3216 694 3221 ·
723 3187 851 3255 Diebus
876 3189 937 3256 sub
971 3188 1092 3255 eisdem
1127 3188 1435 3257 confoederabantur
1464 3190 1576 3266 comiti
1607 3190 1728 3257 Mares·
1758 3197 1878 3265 crnog.

511 3269 661 3386 mas
679 3293 761 3359 eiii>
793 3292 857 3359 viri
892 3292 1018 3358 nonies
1056 3298 1092 3358 a
1123 3293 1247 3360 milites
1284 3294 1509 3373 strenuissimi,
1542 3294 1728 3360 cieuses
1767 3266 1873 3387 {3252

512 3402 612 3467 ¹²8⁸th
625 3396 797 3481 ceBaisei
828 3401 863 3462 et
896 3395 1013 3461 fratres
1044 3394 1123 3480 ejus,
1160 3397 1320 3463 Ricardus
1350 3397 1468 3472 Suard.
1493 3397 1661 3464 Walterus
1687 3396 1728 3462 de

512 3468 825 3602 lfiffifi’fflifford,
857 3521 932 3565 cuni
970 3498 1094 3577 multis,
1126 3521 1208 3586 quos
1239 3501 1375 3588 longum
1411 3501 1496 3568 foret
1530 3504 1746 3567 enumerare..

681 3603 788 3669 Causa
810 3602 899 3668 enim
922 3601 1110 3667 favorabilis
1129 3608 1210 3681 erat,
1237 3608 1277 3669 ut
1299 3604 1346 3669 eis
1368 3603 1552 3685 videbatur,
1575 3610 1610 3670 et
1626 3603 1745 3692 justa„

680 3710 715 3771 et
746 3705 851 3793 magis
881 3726 942 3792 pro
955 3741 959 3752 ·
972 3725 1048 3792 rege
1070 3726 1170 3791 quain
1202 3709 1318 3771 contra
1342 3727 1459 3793 regem.
1505 3705 1594 3787 Quos
1615 3712 1747 3772 tamen.

680 3829 794 3874 omnes
815 3828 884 3885 rex,
907 3806 1008 3872 solius
1028 3806 1132 3871 fretus
1154 3806 1391 3874 wintoniensis
1421 3807 1563 3896 episcopi
1586 3808 1747 3885 consilio„

682 3911 805 3996 absque
838 3909 936 3975 curiis
971 3930 1039 3975 suae
1068 3909 1193 3994 judicio
1227 3915 1262 3977 et
1296 3911 1425 3997 parium
1454 3933 1595 3989 suorum,
1618 3912 1730 3977 exules

683 4012 761 4077 fecit
783 4011 982 4091 denunciari,
997 4016 1103 4077 terras
1125 4033 1237 4078 eorum
1260 4011 1460 4079 distribuens
1475 4014 1732 4082 Pictavensibus.
1820 4006 1829 4027 ’

686 4114 920 4202 Praeoepitque,
942 4118 982 4179 ut
1004 4135 1117 4180 eorum
1149 4107 1285 4202 corpora
1310 4113 1526 4203 caperentur-,⁶
1547 4116 1733 4203 ubicunque
1755 4143 1761 4156 ·

685 4219 720 4286 in
743 4238 844 4305 regno
866 4216 1103 4285 invenirentur.
1200 4272 1201 4275 ,

720 4493 779 4554 ‘In
790 4504 834 4555 the
844 4503 944 4570 margin
963 4503 1013 4554 isa
1031 4503 1146 4570 drawing
1166 4504 1196 4555 of
1236 4520 1304 4566 vero,
1312 4507 1357 4572 qui
1368 4523 1415 4558 nec
1425 4507 1508 4574 ipsum
1518 4523 1565 4560 nec
1577 4509 1653 4560 iillum
1664 4509 1734 4560 volu·

689 4600 705 4636 e
726 4585 800 4635 mitre
822 4585 872 4635 and
894 4582 1091 4649 archiepiscopii
1114 4599 1192 4646 crore,
1235 4597 1308 4639 erunt
1322 4588 1545 4642 irrevocabiliter.”

690 4668 768 4717 above
787 4664 870 4715 which
896 4663 919 4713 is
947 4663 991 4714 tbe
1009 4663 1077 4714 lund
1096 4664 1127 4712 ol
1150 4663 1193 4715 the
1268 4671 1278 4700 ¹
1290 4671 1440 4737 premunt]
1464 4673 1492 4721 A
1503 4672 1573 4722 word
1590 4670 1735 4737 iswsnting

690 4744 904 4812 Deityextended
913 4742 980 4793 from
991 4742 1035 4793 the
1047 4743 1142 4794 clouds.
1235 4747 1302 4811 here,
1314 4749 1420 4814 perhnpe
1426 4758 1542 4818 peransei.

724 4827 735 4856 ²
752 4825 796 4889 qui
814 4820 1017 4887 irrevocabiliter]
1037 4821 1149 4873 Written
1167 4831 1193 4874 at
1270 4830 1443 4897 ⁴repereriiril]
1455 4838 1580 4896 reperturi,
1591 4830 1647 4881 MS.

691 4907 746 4956 first
764 4900 953 4952 irrevocabiliter
972 4902 1022 4965 qai,
1033 4902 1192 4952 butinarlred
1269 4909 1378 4975 ὅεινηιο]
1391 4910 1484 4961 Added
1494 4910 1522 4960 in
1533 4925 1613 4977 marg.
1717 4941 1720 4946 ·

695 4992 722 5035 to
733 4985 764 5033 be
776 4981 933 5047 transposed
962 4979 1019 5029 'she
1030 4995 1102 5032 sense
1113 4983 1196 5031 would
1269 4992 1279 5020 ⁸
1295 4990 1454 5054 caperentur]
1468 4999 1637 5054 reperientur,
1649 4989 1705 5042 MS.

691 5066 724 5114 be
740 5064 842 5122 clearer,
863 5061 887 5110 ir
905 5075 944 5110 we
959 5061 1026 5121 read,
1047 5060 1191 5111 “Monacbi
