4517 6425
893 1183 940 1235 nu
962 1185 1123 1234 runcone
1145 1183 1246 1234 nucis
1268 1185 1421 1237 aronam.
1638 1172 1679 1244 17

632 1383 719 1427 mam
742 1369 858 1429 contra
879 1384 988 1450 regem
1012 1363 1191 1429 Ricardum
1206 1361 1471 1449 indignationem
1494 1360 1679 1449 concipiens
1692 1373 1759 1424 AJ).
1775 1379 1846 1425 rroo.

632 1471 666 1531 et
688 1466 877 1548 occultans,¹
900 1489 1071 1554 nunquam
1096 1488 1169 1531 eam
1195 1468 1232 1532 in
1255 1467 1328 1533 vita
1350 1488 1410 1531 sua
1432 1466 1604 1552 mitigavit
1626 1465 1681 1530 vel

613 1568 799 1656 .deposuit;
831 1569 898 1650 sod,
929 1570 1062 1636 inimico
1095 1569 1233 1635 humani
1267 1569 1396 1656 generis
1427 1569 1575 1634 fomitem
1606 1591 1679 1633 cum

611 1671 764 1737 .flamma
796 1672 1016 1750 ministrante,
1038 1694 1175 1759 semper,
1197 1671 1275 1737 licet
1307 1672 1535 1750 dissimularet,
1563 1671 1680 1735 infelix

612 1776 772 1862 ‚suscepit
797 1776 1045 1842 incrementum.
1100 1775 1339 1842 Verumtamen
1365 1774 1478 1840 eodem
1502 1774 1556 1839 die
1585 1773 1681 1840 collo-

630 1876 743 1963 quium
773 1877 941 1957 habentes,
965 1877 1092 1943 nullam
1122 1877 1256 1943 omnino
1289 1878 1331 1943 de
1364 1877 1462 1943 rebus
1486 1877 1558 1963 jam
1583 1877 1680 1942 dictis
1774 1927 1778 1936 .

612 1978 776 2046 .fecerunt
809 1980 1021 2059 mentionem,
1043 1981 1101 2048 sed
1131 2002 1199 2046 non
1229 1979 1301 2045 sine
1332 1980 1410 2067 igne
1433 1979 1515 2046 cinis
1545 1984 1615 2045 orat
1645 1985 1680 2045 et

609 2083 750 2149 ,favilla

649 2348 679 2417 U
680 2355 692 2415 t
713 2370 772 2416 rea
792 2349 968 2417 Riccrdrm
989 2350 1159 2438 quasdam
1180 2349 1396 2418 munitiones
1417 2348 1485 2416 sibi
1507 2348 1664 2436 unbjapn-

1105 2454 1199 2520 ecrit.

439 2612 619 2678 nogat'end.
674 2602 832 2690 Tempore
867 2624 995 2692 quoque
1018 2604 1080 2668 sub
1111 2604 1234 2681 codem,
1258 2602 1342 2668 viiio.
1366 2601 1489 2668 scilicet
1520 2602 1678 2669 kalendas
1691 2616 1802 2669 Richard

476 2698 520 2731 ¹¹¹·
536 2686 583 2729 ³¹·
631 2704 791 2784 Octobris
811 2728 873 2774 rex
903 2706 1104 2772 Francorum
1126 2728 1229 2773 naves
1258 2706 1414 2786 ascendit,
1438 2708 1495 2772 fied
1522 2693 1803 2802 quoniamssggff

631 2813 748 2873 ventus
779 2815 850 2875 erat
881 2810 911 2874 ei
944 2810 1137 2889 contrariae,
1160 2811 1232 2897 ipsa
1267 2809 1320 2874 die
1352 2809 1538 2874 Messanam
1569 2811 1677 2876 rediit.
1691 2820 1817 2870 ramesia

629 2912 673 2977 Et
702 2934 762 2978 rex
788 2913 948 2979 Ricardus
972 2913 1076 3000 pridie
1098 2912 1259 2978 kalendas
1283 2911 1437 2979 Octobris
1459 2912 1594 2978 transiit
1615 2914 1678 2977 flu-

627 3014 728 3095 vium,
752 3016 810 3101 qui
834 3015 901 3080 Far
923 3016 1054 3092 dicitur,
1078 3021 1112 3080 et
1134 3015 1222 3103 cepit
1243 3014 1281 3079 in
1303 3013 1456 3081 Calabria
1478 3014 1584 3081 locum
1607 3039 1680 3081 mu-

626 3118 834 3196 nitissimum,
859 3119 917 3205 qui
952 3116 1189 3184 Lambamare¹
1215 3118 1410 3206 appellatur,
1435 3119 1612 3205 posuitque
1643 3120 1680 3184 in

1691 2885 1815 2938 Calabria.

1717 2983 1749 3027 24
1762 2979 1829 3044 Sept.

1718 3073 1750 3117 30
1761 3069 1828 3135 Sept.

630 3242 667 3285 eo
688 3243 831 3286 sororem
855 3244 950 3287 suam
969 3221 1170 3301 Jolrannam,
1193 3221 1360 3308 quondam
1381 3221 1502 3288 Sicilire
1524 3224 1681 3308 reginam.

629 3321 671 3386 In
701 3323 845 3389 crastino
875 3329 988 3390 autem
1011 3323 1100 3412 cepit
1127 3323 1298 3390 castellum
1321 3325 1409 3390 inter
1438 3323 1623 3391 Calabriam
1648 3331 1682 3390 et

630 3424 826 3507 Messanam,
860 3428 949 3513 quod
973 3426 1210 3494 Monosterium
1236 3426 1422 3492 Griffonum
1453 3426 1683 3513 appellatur;⁹

438 3546 618 3612 Itoawend.
630 3528 688 3593 ubi
711 3528 895 3616 Griphones
916 3531 1079 3596 insultum
1101 3530 1257 3595 facientes
1276 3529 1312 3593 in
1328 3530 1504 3617 Hugonern
1521 3529 1680 3607 Eranam,

475 3616 520 3668 iii.
533 3619 581 3664 ³²·
630 3632 783 3698 comitem
807 3633 973 3712 Marchiae,
995 3656 1016 3699 a
1037 3655 1113 3720 rege
1146 3633 1287 3698 Ricardo
1310 3632 1433 3719 repulsi
1460 3637 1547 3697 sunt.
1590 3633 1681 3726 Qui,

624 3735 737 3818 januis
770 3735 887 3801 clausis
917 3737 1073 3816 civitatis,
1097 3736 1140 3800 ad
1172 3734 1418 3824 propugnacula
1448 3755 1614 3799 murorum
1647 3757 1682 3800 se

629 3838 842 3918 conferentes,
866 3837 1016 3905 homines
1038 3844 1074 3905 et
1098 3860 1198 3925 equos
1221 3839 1308 3924 regis
1333 3837 1457 3902 multos
1482 3836 1681 3917 occiderunt,

629 3945 664 4005 et
689 3941 899 4028 quamplures
921 3942 1190 4008 vulneraverunt.
1242 3940 1335 4007 Tunc
1357 3961 1415 4004 rex
1440 3939 1546 4005 iratus
1569 3946 1681 4027 portas

627 4043 775 4109 civitatis
807 4044 977 4133 confregit,
1000 4049 1035 4110 et
1066 4044 1239 4110 civitatem
1262 4043 1426 4108 violenter
1447 4043 1543 4129 cepit,
1575 4042 1681 4109 homi·

628 4271 732 4313 nonas
755 4249 900 4335 ejusdem
923 4251 1053 4316 obsides
1076 4250 1107 4314 ei
1130 4250 1292 4315 dederunt
1313 4250 1353 4315 de
1376 4270 1455 4337 pace
1475 4249 1680 4314 observanda

628 4350 767 4436 majores
790 4352 944 4417 civitatis.
990 4353 1065 4434 Quo
1087 4357 1185 4433 facto,
1207 4352 1356 4418 firmavit
1378 4352 1502 4417 ibidem
1525 4356 1679 4432 castrum,

629 4455 717 4540 quod
744 4454 947 4542 Mategrifun
969 4455 1159 4543 appellavit.

1414 4627 1674 4634 ——--—-

666 4721 859 4788 ¹Lambamare]
879 4723 1027 4782 Labamarc,
1047 4723 1089 4773 W.
1102 4722 1131 4773 C.
1155 4728 1158 4805 Ι
1177 4722 1316 4788 Baianum,
1335 4725 1385 4772 and
1404 4721 1429 4771 in
1443 4723 1572 4786 Hoveden,
1585 4723 1680 4774 Lubnt-

631 4804 664 4852 D.
682 4803 714 4860 l.;
732 4802 924 4862 rambaudus
942 4801 1133 4863 Lembamaris,
1179 4804 1255 4862 narie,
1278 4818 1302 4866 p.
1326 4807 1382 4855 673.
1417 4802 1441 4852 1r
1463 4803 1485 4851 is
1509 4803 1551 4852 the
1574 4805 1678 4854 modern

631 4882 697 4931 Fau.
720 4880 826 4932 without
845 4880 981 4947 authority.
1014 4882 1045 4930 In
1068 4882 1133 4931 Ben.
1179 4881 1310 4946 Buqnaro.

633 4961 727 5018 Abbss,
739 4976 762 5024 p.
776 4967 833 5012 606.
853 4976 923 5010 more
944 4961 1078 5026 correctly,
1092 4960 1132 5010 Lu
1212 4960 1384 5027 2αρροΙΙαίιιν]
1404 4961 1533 5024 apellatur,
1545 4960 1600 5011 MS.

725 5242 801 5291 vol..
825 5243 861 5290 ll.
1399 5258 1403 5265 ·
1526 5243 1548 5289 B
