4517 6425
705 1168 770 1238 176
827 1183 992 1232 narrum
1016 1182 1231 1232 rsemrsusrs
1254 1182 1419 1234 meroem
1442 1181 1641 1237 suesorum

537 1358 843 1425 A.D.1‘.›1ecetorias
874 1356 1007 1423 literes¹
1032 1358 1189 1445 porrexit,
1212 1378 1254 1422 nc
1285 1358 1492 1445 permitteret
1525 1357 1631 1423 filium
1662 1381 1757 1426 suum

703 1461 915 1529 Lodowicum
938 1460 1094 1547 Angliam
1116 1460 1282 1526 hostiliter
1304 1461 1404 1540 edire,
1426 1461 1481 1526 vel
1503 1483 1613 1549 regem
1633 1463 1756 1550 Anglo-

702 1587 776 1629 rum
798 1566 984 1651 inquietare
1007 1565 1042 1629 in
1065 1563 1187 1650 aliquo,
1210 1564 1268 1629 sed
1290 1564 1398 1650 ipsum
1422 1571 1461 1629 ut
1476 1564 1634 1632 Romanae
1657 1567 1755 1632 eecle-

702 1669 760 1734 siae
776 1667 975 1733 vassallum⁹
997 1671 1193 1755 protegeret,
1209 1666 1399 1734 defenderet
1421 1673 1456 1733 et
1479 1667 1641 1755 diligeret,
1663 1671 1775 1756 cujus.

702 1793 841 1857 regnum
875 1772 918 1836 ad
950 1770 1133 1837 Romanam
1156 1770 1325 1837 ecclesiam
1358 1770 1486 1837 ratione
1515 1772 1654 1837 dominii
1685 1796 1756 1863 per·

703 1875 839 1943 tinebat.

891 2138 982 2206 Noto
1004 2160 1206 2227 respectarem
1228 2138 1319 2225 reete
1341 2139 1565 2208 Proacomutt.

748 2289 819 2353 Rex
842 2296 954 2355 autem
971 2289 1171 2354 Francorum
1194 2288 1416 2380 incontinenti
1438 2290 1617 2378 respondit,
1641 2299 1658 2326 “
1669 2292 1806 2378 Reg·1to
1823 2306 1924 2361 mens.

700 2412 781 2457 num
803 2391 935 2478 Anglite
967 2391 1205 2479 patrimonium
1227 2391 1341 2457 beeti³
1364 2392 1455 2459 Petri
1487 2414 1657 2481 nunquam
1680 2394 1753 2472 fnit,
1792 2323 1827 2426 ”i
1840 2379 1898 2427 ³⁶⁴·

700 2517 759 2560 nec
781 2503 841 2575 est,
863 2516 923 2560 nec
945 2496 1016 2560 erit.
1062 2493 1185 2559 Nullus
1208 2516 1268 2559 rex
1291 2496 1345 2559 vel
1368 2496 1518 2582 princeps
1544 2501 1654 2583 potest
1676 2496 1754 2564 dare

699 2621 846 2686 regnum,
880 2599 969 2685 quod
1003 2604 1054 2664 est
1087 2598 1278 2685 respublica,
1314 2599 1385 2664 sine
1422 2620 1554 2665 assensu
1593 2600 1773 2666 baronum.

698 2725 840 2781 suorum,
863 2703 921 2790 qui
944 2724 1083 2789 regnum
1105 2706 1263 2767 tenentur
1294 2701 1476 2768 defendere.
1533 2703 1579 2769 Et
1609 2705 1638 2768 si
1669 2726 1753 2791 papa

699 2808 787 2873 hunc
809 2827 950 2872 errorem
973 2805 1059 2870 tueri
1082 2804 1274 2884 decreverit,
1297 2806 1516 2893 perniciosum
1542 2806 1674 2893 regibus
1697 2807 1753 2872 et⁴

699 2911 808 2998 regnis
831 2909 981 2974 omnibus
1002 2909 1191 2996 exemplum
1213 2907 1407 2995 perhibebit.
1453 2908 1530 2974 Non
1553 2908 1664 2995 diligo,
1685 2931 1772 2974 non.

699 3013 844 3101 approbo
878 3012 987 3099 ipsum
1021 3033 1130 3098 regem
1165 3011 1350 3099 Anglorum
1379 3010 1400 3076 J
1405 3010 1608 3097 [ohannem],
1641 3033 1772 3077 meum.

700 3115 949 3193 adversarium?
971 3121 1084 3180 tamen
1116 3114 1210 3181 doleo
1242 3115 1282 3181 de
1314 3115 1409 3202 regni
1431 3113 1500 3199 ejus
1531 3113 1771 3194 ancillatione„

699 3221 798 3287 cum⁰
820 3220 971 3307 princeps
993 3218 1239 3306 provinciarum
1271 3218 1332 3284 fiat
1363 3218 1425 3284 sub
1458 3215 1609 3284 tributo.⁷
1655 3218 1771 3285 Heut.

700 3329 862 3412 quantum
884 3324 1105 3389 deterioratur
1120 3323 1269 3388 omnium
1292 3343 1407 3409 regum
1429 3343 1487 3410 per
1510 3343 1585 3387 eum
1601 3321 1771 3387 conditio..

700 3428 755 3496 Ita
778 3428 865 3494 enim
888 3426 1019 3514 poterit,
1041 3447 1194 3514 processu
1224 3426 1390 3513 temporis,
1414 3447 1472 3512 per
1504 3425 1646 3511 aliquem
1670 3425 1772 3490 desi.

699 3534 774 3600 dem
800 3531 953 3598 heredem
985 3551 1095 3595 meum
1122 3529 1195 3594 fieri
1222 3528 1264 3595 de
1296 3528 1438 3595 Francia
1451 3527 1482 3592 1‘’
1539 3529 1584 3594 Et
1614 3527 1772 3594 tendens.

698 3657 816 3701 manus
844 3632 904 3700 in⁸
934 3633 1064 3713 coelum,
1085 3631 1229 3714 addidit,
1263 3630 1389 3712 “Quod
1412 3632 1512 3709 Deus,
1536 3631 1625 3717 quod
1652 3629 1772 3709 Deus.

698 3738 786 3825 quod
809 3738 901 3804 Deus
923 3740 1054 3803 avertet
1069 3734 1102 3800 !''
1147 3735 1193 3800 Et
1216 3739 1395 3821 eruperunt
1417 3734 1562 3800 lacrimae
1584 3733 1627 3799 ab
1650 3733 1772 3800 oculis.

532 3853 588 3903 ‘rhe
698 3843 776 3927 ejus.
834 3841 926 3905 Tunc
963 3861 1092 3926 quoque
1126 3858 1240 3903 omnes
1276 3837 1548 3903 circumsedentes
1581 3841 1752 3922 magnates

531 3916 632 4037 33th
700 3944 849 4010 Franciae
883 3943 978 4028 quasi
1011 3964 1077 4008 uno
1108 3963 1164 4007 ore
1204 3940 1345 4006 clamare
1377 3944 1560 4027 coeperunt,
1594 3938 1751 4019 dicentes,

534 4049 658 4117 solemmy
699 4054 717 4081 “
741 4045 804 4112 Per
837 4045 1014 4134 pretiosam
1046 4049 1186 4110 mortem
1211 4042 1377 4119 Crucifixi,
1400 4043 1438 4108 in
1460 4063 1558 4129 quem
1581 4041 1771 4118 credimus„

533 4118 641 4237 ἓξὲξ
699 4149 855 4236 quioquid
877 4148 989 4215 feccrit
1011 4147 1068 4213 ille
1090 4146 1113 4211 J
1117 4147 1302 4234 [ohannes],
1324 4167 1384 4211 rex
1399 4145 1548 4233 Angliae,
1570 4145 1610 4210 de
1634 4143 1771 4214 statu⁹.

533 4254 665 4319 sovereign

734 4434 1016 4501 'literae]1ntcrlined
1247 4434 1278 4483 of
1298 4434 1341 4484 the
1365 4433 1424 4484 leth
1446 4440 1551 4499 century
1574 4432 1620 4484 has
1642 4433 1752 4493 written,

734 4513 896 4579 'carew
915 4513 1049 4574 vmsalum,
1066 4512 1123 4564 MS.
1246 4517 1263 4542 “
1274 4513 1350 4575 Nota,
1367 4512 1428 4578 quid
1445 4505 1492 4564 teir
1510 4512 1626 4564 Francia
1650 4527 1751 4578 respon-

732 4598 742 4626 ³
754 4594 832 4660 teon]
852 4592 999 4643 Interlined
1246 4592 1312 4643 derit
1324 4592 1408 4658 legato
1419 4608 1489 4657 papo
1501 4594 1533 4642 dc
1541 4592 1607 4643 facto
1615 4592 1635 4642 J
1635 4591 1751 4653 ohannis,

733 4672 849 4740 ‘recitas
864 4672 901 4737 et]
920 4671 1067 4722 Interlined.
1245 4671 1314 4737 regis
1344 4671 1455 4737 Angliae,
1484 4672 1613 4722 subderetis
1644 4686 1749 4736 regnum

733 4751 904 4820 ⁵Aa910rum.
917 4788 943 4804 ..
956 4749 1136 4815 adversarium]
1161 4750 1202 4802 On
1246 4766 1319 4801 sunm
1339 4751 1365 4801 in
1384 4766 1475 4802 manus
1493 4766 1573 4816 papa,
1595 4752 1689 4815 absque
1711 4766 1749 4801 as-

700 4850 732 4887 an
746 4848 853 4885 erasure.
1245 4846 1321 4882 teum
1344 4833 1466 4882 bamnum
1488 4840 1513 4882 et
1533 4831 1588 4895 lege
1605 4845 1748 4894 processum

733 4914 820 4981 ἐκπι]
839 4911 1201 4976 HercintheMS.iaasign
1246 4910 1336 4975 (ric).''

699 4989 1202 5055 oscoretbutnoothervordisaupplied
1278 4989 1339 5055 ἰὴ]
1358 4990 1507 5041 Interlined.

699 5077 726 5125 in
734 5075 777 5125 the
787 5073 894 5138 margin.
1281 5068 1427 5119 'Jotonnes
1439 5107 1445 5120 .
1459 5107 1466 5120 .
1479 5107 1484 5120 .
1497 5108 1503 5121 .
1517 5067 1546 5118 de
1557 5067 1637 5133 statu]
1658 5068 1699 5117 On
1717 5083 1749 5119 cu

733 5153 784 5203 'In
796 5152 839 5205 the
849 5152 950 5216 margin
965 5150 1080 5218 opponite
1098 5164 1114 5203 a
1134 5149 1201 5202 hand
1246 5163 1354 5204 erasme.
