4517 6425
659 1181 723 1245 238
791 1192 958 1244 ulmam
981 1191 1194 1251 sumsimus
1217 1188 1380 1241 maroam
1402 1188 1601 1239 Auctoauu.

490 1445 558 1496 Ab.
573 1450 645 1496 1219.
793 1432 913 1515 Qualis
935 1431 1077 1499 docento
1091 1430 1204 1517 fuerit
1226 1429 1394 1533 Damictc
1415 1429 1574 1496 cacam.

376 1636 380 1644 .
492 1599 645 1649 stauosme
703 1584 787 1651 Oum
817 1588 929 1649 autem
960 1587 1130 1670 caperetur
1152 1582 1270 1648 civitas
1301 1581 1338 1645 in
1370 1581 1472 1646 oculis
1494 1580 1580 1667 regis
1608 1579 1879 1653 sabi-agnas

491 1665 635 1784 gppnphen
656 1687 750 1763 lonis,
772 1709 841 1752 non
862 1686 927 1751 fuit
948 1708 1049 1751 ausus
1081 1706 1171 1750 more
1204 1683 1301 1749 solito
1325 1683 1530 1750 Christianos
1564 1684 1708 1771 aggredi,
1754 1662 1841 1709 Μ·

656 1791 714 1855 sed
749 1790 901 1855 confusus
931 1795 966 1854 et
999 1788 1184 1876 aufugiens,
1220 1787 1353 1873 propria
1382 1792 1490 1852 castra
1523 1786 1709 1853 combussit.

658 1893 790 1959 christo
812 1893 924 1978 itaque
947 1890 1038 1970 duce,
1063 1890 1186 1956 milites
1202 1889 1326 1956 Ohristi
1349 1889 1540 1955 Damietam
1563 1890 1712 1977 ingressi,

657 1996 782 2082 plateas
803 1996 1002 2061 invenerimt
1033 1991 1146 2081 plenas
1176 1998 1381 2058 mortuorum
1412 1993 1634 2072 cadaveribus,
1668 2014 1711 2059 ex

657 2100 777 2187 quibus
792 2100 932 2166 occurrit
953 2099 1001 2164 eis
1022 2098 1123 2164 foetor
1138 2096 1358 2163 intolerabilis
1381 2102 1416 2162 et
1439 2102 1589 2184 aspectus
1613 2096 1709 2162 mise-

658 2202 779 2269 rabilis.
826 2202 951 2267 Mortui
973 2200 1091 2267 vivcs¹
1116 2200 1356 2265 interfecerant.
1403 2200 1558 2265 AEdidcia
1580 2221 1730 2287 quoque·

659 2303 852 2391 corruptelis
888 2304 1022 2371 fuerant
1059 2304 1216 2391 pleniora,
1248 2308 1283 2368 et
1312 2305 1348 2368 in
1378 2304 1537 2370 cubiculis
1573 2326 1729 2391 corpora·

493 2408 824 2477 Numberoftabefacta
852 2409 1012 2495 jacebant
1043 2406 1282 2473 defunctorum.
1356 2407 1535 2494 Octoginta
1568 2408 1661 2473 milia
1690 2431 1711 2473 a

493 2496 536 2545 ‘¹¹⁰
547 2493 618 2545 elain.
659 2520 807 2600 tempore
823 2511 1003 2579 obsidionis
1018 2511 1185 2599 perierant
1208 2511 1245 2575 in
1266 2510 1357 2589 urbe,
1373 2512 1522 2598 exceptis
1537 2511 1613 2589 illis,
1629 2533 1711 2599 quos

658 2637 755 2681 sanos
780 2614 834 2681 vel
863 2615 1039 2703 languidos
1060 2615 1261 2681 invenerant
1284 2613 1476 2694 Christiani,
1500 2615 1557 2701 qui
1580 2616 1623 2680 ad
1645 2615 1712 2680 tria

659 2717 753 2783 milia
774 2724 810 2783 et
843 2717 952 2804 plures
986 2715 1256 2782 numerabantur.
1314 2716 1367 2781 Ex
1390 2716 1453 2781 hiis
1477 2718 1615 2783 trecenti
1648 2717 1713 2782 de⁹

558 2839 560 2842 ·
659 2821 876 2887 nobilioribus
891 2821 934 2885 ad
949 2821 1206 2906 redemptionem
1228 2820 1489 2896 reservabantur,
1505 2819 1712 2907 quamplures

493 2942 575 2991 Three
660 2946 738 2990 vero
761 2925 804 2988 ad
824 2923 1027 3010 baptismum
1043 2922 1268 2988 convolarunt.
1315 2922 1399 2987 Haec
1420 2923 1538 2987 civitas
1560 2923 1668 3010 primo
1691 2936 1884 3010 chawent

493 3008 630 3126 {lffiffi
661 3027 784 3093 Graecis
805 3026 928 3113 legitur
956 3026 1055 3090 fuisse
1088 3027 1237 3105 obsesaa3
1270 3026 1410 3091 secundo
1440 3048 1461 3090 a
1486 3025 1625 3105 Latinis,
1650 3027 1711 3091 sub
1757 3019 1791 3054 Ν·
1804 3009 1845 3055 ⁶⁰·

660 3130 834 3206 AlmaricO,
869 3151 944 3216 rege
978 3128 1167 3206 Ierusalem,
1211 3130 1267 3215 qui
1297 3129 1433 3194 minime
1462 3130 1614 3217 profecit3
1653 3130 1714 3196 hac

659 3234 760 3300 tertia
774 3235 846 3299 vice
868 3232 1010 3297 tradidit
1033 3255 1105 3296 eam
1130 3233 1167 3296 in
1193 3254 1312 3296 manus
1328 3231 1617 3297 Christianorum³
1641 3235 1714 3299 Rex

659 3358 773 3422 regum
822 3343 855 3402 et
894 3335 1058 3400 Dominus
1096 3335 1352 3414 dominantium,
1402 3334 1567 3400 Dominus
1605 3343 1715 3402 noster

660 3439 782 3504 Jhesus
805 3439 964 3516 Christus,
989 3438 1214 3525 triumphator
1236 3437 1437 3525 magnificus.

996 3696 1121 3761 Divisa
1144 3704 1227 3762 sarcit
1250 3695 1368 3782 spolio.

495 3875 655 3925 Divaionof
707 3849 815 3936 Capta
837 3849 982 3925 civitate,
1006 3848 1115 3912 divisa
1137 3853 1215 3912 sunt
1237 3849 1342 3934 spolia
1362 3847 1554 3926 victoribus,
1577 3850 1614 3914 in
1637 3872 1732 3936 quo.

496 3943 632 4006 thespoils.
661 3974 735 4017 rum
769 3951 1002 4017 distributione
1032 3971 1100 4014 non
1135 3972 1253 4036 expers
1283 3949 1350 4014 luit
1379 3950 1515 4037 legatus
1562 3951 1735 4018 Invenio.
1756 3967 1874 4035 cruog.

661 4058 784 4120 bantur
805 4059 916 4120 autem
939 4055 974 4118 in
998 4053 1157 4132 domibus,
1173 4054 1209 4117 in
1230 4074 1311 4119 auro
1335 4058 1370 4118 ct
1392 4059 1537 4138 argento,
1553 4054 1717 4122 olosericis
1729 4120 1735 4132 ,
1747 4037 1873 4154 iffimss,

662 4162 697 4221 a
710 4158 849 4244 gemma
875 4163 910 4223 a
932 4157 1022 4221 omni
1048 4156 1250 4243 supeream,
1276 4155 1406 4221 diaria
1431 4156 1581 4223 infinita.
1628 4160 1733 4247 sap..
1826 4142 1833 4166 '
1879 4146 1885 4157 ’

662 4261 775 4325 tizatis
798 4266 909 4326 autem
933 4260 1090 4347 parvulis,
1106 4264 1141 4325 et
1163 4259 1315 4324 dedicata
1337 4259 1472 4324 ecclesia
1497 4260 1534 4324 in
1558 4262 1733 4328 honorem.

661 4366 770 4430 beatae
792 4363 941 4451 Virginis
968 4363 1009 4429 de
1032 4363 1178 4428 maximo
1205 4362 1282 4427 fano
1308 4365 1496 4428 eorumdem
1519 4364 1732 4446 infidelium.

663 4468 800 4557 profecti
822 4473 901 4533 sunt
922 4467 1057 4554 quidam
1074 4465 1346 4544 Christianorum,
1361 4466 1402 4531 dc
1425 4468 1559 4534 consilio
1582 4492 1732 4557 magna.

498 4580 648 4660 Captneof
663 4580 746 4653 tum,
770 4571 813 4636 ad
843 4576 986 4636 castrum
1013 4569 1194 4656 Taphnecs,
1221 4569 1309 4654 quod
1331 4593 1474 4635 vacuum
1501 4573 1732 4651 invenientes.

498 4648 617 4711 mm
663 4678 764 4742 libere
787 4676 1008 4751 intraverunt,
1033 4678 1068 4737 et
1090 4672 1308 4737 dominationi
1333 4672 1598 4741 Christianorum
1622 4676 1733 4742 addi.

664 4782 793 4845 (lerunt.

700 5074 705 5101 ¹
720 5071 798 5133 seiros]
818 5068 918 5122 nimios,
931 5066 972 5114 W.
982 5066 1002 5113 l.
1189 5063 1194 5111 l
1247 5066 1257 5093 ³
1270 5066 1293 5113 ia
1306 5083 1392 5114 nictans
1400 5067 1608 5135 Christianorum]
1624 5071 1716 5121 Added

699 5155 708 5180 ’·’
720 5151 762 5214 dc]
784 5151 823 5198 On
837 5164 869 5196 an
881 5161 987 5194 erasure.
1214 5145 1240 5192 in
1252 5160 1330 5209 rnarg.
