4517 6425
687 1173 754 1238 412
814 1185 981 1238 unrrnnr
1004 1185 1219 1237 rrursmusrs
1241 1184 1404 1237 meroen
1426 1183 1632 1236 Ausnosuu.

519 1372 587 1425 AD.
602 1377 674 1424 123³.
686 1384 756 1427 rem
779 1366 814 1427 et
836 1361 1041 1448 profectum¹
1076 1363 1248 1428 ambarum
1279 1364 1424 1450 partium
1454 1367 1593 1449 paterna
1623 1361 1743 1427 sollici-

686 1465 804 1530 tudine
839 1487 953 1551 penem
986 1466 1135 1551 providit
1172 1472 1206 1532 et
1242 1468 1440 1553 procuravit.
1498 1465 1606 1545 Quam
1640 1466 1743 1530 etiam

686 1568 883 1633 auctoritate
906 1568 1016 1654 papali
1038 1591 1073 1635 se
1095 1569 1274 1656 spopondit
1297 1568 1556 1656 praesentialiter
1569 1568 1743 1634 confirma-

687 1676 810 1748 turum,
832 1693 892 1736 nec
915 1671 980 1736 iter
1002 1671 1068 1736 ad²
1091 1676 1226 1739 tantum
1249 1671 1396 1737 laborem
1418 1672 1591 1738 recusavit.

688 1968 725 2034 N
723 1991 769 2034 oa
783 1974 977 2054 acceptatur
991 1959 1103 2033 electio
1111 1966 1210 2052 foetu
1224 1968 1268 2033 isa
1283 1968 1479 2055 episcopum
1496 1966 1741 2046 Oteeetreasem,

954 2068 1184 2156 Rodulptura
1207 2071 1459 2137 oartoellortum.

519 2229 575 2278 The
588 2231 679 2307 nonus
737 2217 891 2284 Monaehi
924 2224 1035 2282 autem
1060 2218 1307 2284 wintonienses
1336 2219 1407 2305 ipso
1437 2222 1583 2304 tempore
1613 2216 1682 2281 sibi·
1706 2216 1743 2280 in

518 2296 629 2413 ἓξὲξ
690 2326 855 2407 pastorem
891 2322 1075 2386 animarum
1115 2342 1249 2386 suarum
1289 2320 1484 2408 elegerunt³
1520 2319 1904 2405 Radulphum,fol.1rsa.

518 2430 582 2479 elect
592 2430 635 2480 the
691 2424 877 2510 episcopum
903 2424 1145 2504 cicestrensem,
1171 2423 1297 2489 domini
1320 2424 1406 2510 regis
1429 2423 1665 2498 cancellarium,
1693 2423 1743 2486 vi-
1869 2417 1871 2422 ’

517 2496 662 2626 {baalgfieglsr
689 2548 764 2590 rum
786 2526 917 2591 fidelem
940 2527 1011 2613 regi
1034 2535 1068 2591 et
1091 2548 1201 2612 regno,
1234 2525 1431 2611 indigenam,
1455 2531 1488 2590 et
1512 2526 1601 2589 omni
1624 2546 1743 2611 genere

516 2629 614 2693 bishop.
688 2629 851 2715 superbiae
874 2633 1048 2709 carentem,
1071 2651 1168 2714 quem
1191 2628 1376 2715 sperabant,
1399 2634 1534 2715 propter
1553 2629 1650 2694 fidele
1673 2628 1743 2713 ejus

517 2743 648 2822 Angerof
690 2732 871 2811 servitium,
905 2732 1039 2797 domino
1078 2733 1149 2819 regi
1185 2753 1253 2796 esse
1289 2731 1557 2817 acceptissimum.
1616 2731 1742 2795 Videns

517 2810 641 2876 thekmg.
689 2834 793 2919 igitur
822 2856 882 2898 rex
911 2835 1117 2920 propositum
1149 2856 1245 2897 suum
1278 2835 1410 2899 irritum
1435 2835 1543 2910 fuisse,
1568 2838 1603 2898 et
1630 2856 1741 2920 preces

688 2960 762 3001 suas
792 2937 911 3001 effectu
942 2938 1090 3014 caruisse,
1124 2936 1164 3001 de
1197 2936 1301 3001 electo
1338 2938 1462 3002 scilieet
1496 2937 1675 3001 Valentino
1705 2937 1742 3000 in

685 3041 909 3126 episcopatum
942 3039 1206 3104 Wintoniensem
1243 3042 1513 3125 promovendum,
1552 3042 1656 3104 iratus
1690 3045 1742 3103 est

685 3142 904 3219 vehementer,
931 3163 999 3205 non
1023 3147 1157 3206 tantum
1188 3149 1304 3207 contra
1333 3144 1518 3221 monachos
1553 3142 1610 3207 sed
1640 3142 1741 3206 etiam

689 3253 802 3310 contra
835 3246 1022 3332 episcopum
1050 3245 1295 3323 Cieestrensem,
1328 3247 1480 3310 electioni
1506 3246 1577 3331 jam
1608 3267 1740 3310 consen-

517 3357 558 3405 He
569 3358 640 3407 takes
688 3350 834 3414 tientem.
895 3349 940 3412 Et
974 3348 1113 3412 abstulit
1144 3349 1186 3412 ab
1222 3371 1259 3414 eo
1289 3349 1442 3434 sigillum,
1475 3354 1509 3413 et
1538 3348 1622 3412 illud
1653 3369 1740 3412 nunc

516 3425 652 3541 {517ssss
689 3452 837 3516 Galfrido
861 3451 1052 3537 Templario,
1076 3472 1165 3515 nunc
1185 3451 1208 3515 J
1210 3452 1334 3515 ohanni
1351 3452 1391 3516 de
1413 3452 1608 3527 Lexintona,
1630 3450 1740 3529 militi,

517 3557 649 3608 theomn-
687 3555 849 3633 commisit
878 3553 1118 3638 bajulandum3
1153 3560 1345 3618 remanente
1374 3560 1487 3618 tamen
1517 3553 1740 3617 emolumento

517 3623 605 3674 “¹¹⁰⁵
686 3658 786 3745 sigilli
808 3657 959 3742 episeopo
983 3655 1179 3720 Cicestrensi
1204 3654 1416 3746 R[adulph0]
1444 3654 1727 3720 semicancellario.

750 3947 800 4011 De
827 3945 974 4032 quodum
990 3944 1196 4030 faetaoroso,
1221 3945 1347 4012 volente
1373 3968 1481 4032 regem
1500 3945 1671 4032 jugulare.

517 4128 632 4190 Atumpt
642 4134 670 4176 to
733 4098 922 4185 Eodemque
953 4104 1100 4186 tempore
1138 4099 1258 4164 accidit
1294 4098 1365 4186 regi
1402 4100 1592 4187 periculum,
1625 4122 1738 4165 omnes

517 4203 670 4326 mm
688 4202 859 4267 audientes
889 4202 988 4265 nimis
1017 4201 1159 4266 reddens
1182 4201 1352 4266 attonitos.
1409 4202 1451 4266 In
1476 4203 1619 4268 crastino
1650 4202 1738 4267 enim

498 4326 669 4377 'Woodstock
689 4303 890 4368 Natiuitatis
927 4304 1033 4369 beatae
1071 4304 1185 4369 Mariae
1220 4304 1315 4369 venit
1353 4303 1488 4390 quidam
1523 4304 1665 4391 armiger
1695 4305 1738 4369 ad

514 4396 656 4446 frustrates
687 4407 811 4472 curiam
841 4407 928 4493 regis
957 4406 1046 4493 apud
1081 4405 1269 4486 Wudestoe,
1301 4428 1335 4471 se
1369 4407 1496 4494 fingens
1525 4406 1738 4472 infatuatum.

517 4486 612 4551 ⁹5⁹9*
687 4509 794 4574 Nocte
823 4515 934 4574 autem
965 4508 1137 4596 profunda,
1169 4509 1375 4575 considerata
1403 4532 1472 4574 una
1497 4508 1640 4575 fenestra
1669 4532 1737 4574 non

685 4618 765 4678 tunc
790 4614 902 4679 clausa
923 4634 1030 4699 neque
1058 4610 1145 4677 ferro
1175 4613 1376 4700 repagulata,
1401 4612 1548 4678 aseendit
1577 4611 1671 4690 elam,
1703 4615 1737 4676 et

684 4716 791 4780 ferens
827 4715 1007 4795 cultellum,
1042 4736 1107 4799 quo
1144 4737 1255 4802 regem
1291 4715 1496 4795 evisceraret,
1528 4714 1671 4780 intravit
1701 4717 1736 4779 et

719 5046 725 5075 ¹
740 5043 890 5110 prestetum]
905 5044 947 5093 On
958 5057 990 5090 an
1001 5055 1108 5091 erasure.
1266 5044 1275 5071 ³
1302 5039 1434 5107 elegerunt]
1460 5041 1528 5092 over
1550 5043 1601 5092 thie
1624 5043 1693 5093 word
1712 5043 1735 5092 is

718 5121 850 5187 ²uerad]
865 5122 1067 5173 Oneneresure.
1232 5120 1332 5170 written
1344 5120 1381 5170 vel
1386 5119 1549 5186 postularunt
