4517 6425
664 1196 711 1251 nr
732 1197 893 1250 rmmosn
914 1196 1015 1250 snus
1037 1195 1191 1260 sanarer,
1214 1196 1281 1248 vrz.
1305 1194 1428 1248 rnnrn.
1503 1182 1565 1247 195

347 1493 394 1545 rot
409 1497 488 1546 1000.
516 1472 567 1539 De
585 1473 707 1561 parua
728 1472 818 1559 repis
840 1472 991 1539 Hebraei
1012 1472 1088 1539 III.
1108 1470 1332 1552 ommistione,
1349 1493 1372 1539 a
1393 1494 1463 1560 qaia
1484 1483 1733 1540 eom-A.D.1216.

620 1584 798 1664 potantur
819 1576 913 1643 cuni
936 1575 1170 1643 cormootionis
1192 1575 1342 1663 ejusdem
1363 1577 1460 1664 repis.

347 1744 506 1809 Quem
562 1723 728 1791 Defuncto
746 1725 770 1791 J
772 1726 909 1804 ohanne,
925 1726 1110 1814 Anglorum
1133 1747 1218 1814 rege,
1234 1732 1459 1794 convenerunt
1481 1727 1569 1815 apud
1582 1738 1734 1790 manasen

395 1812 429 1862 iv.
444 1818 464 1862 ¹·
517 1827 729 1894 Gloverniam
760 1830 796 1894 in
825 1829 940 1916 vigilia
970 1830 1194 1917 apostolorum
1225 1829 1369 1896 Simonis
1392 1836 1427 1897 et
1457 1806 1712 1923 ·Iudae,}'1fLHenry

516 1931 552 1997 in
581 1933 758 2018 praesentia
787 1932 948 2011 Walonis,
978 1933 1167 2021 apostolieae
1198 1933 1284 1999 sedis
1313 1933 1425 2021 legati,
1449 1932 1568 2000 Petrus
1605 1968 1636 2016 27
1650 1965 1706 2018 Oet.

515 2034 763 2117 Wintoniensis,
788 2035 812 2101 J
814 2036 958 2102 ecelinus
981 2036 1223 2116 Bathoniensis,
1248 2040 1282 2102 et
1313 2037 1474 2103 Silvester
1496 2036 1567 2103 Wi-

512 2138 694 2224 gorniensis
709 2139 861 2226 episcopi,
876 2138 1082 2227 Ranulphus,
1104 2161 1212 2206 comes
1236 2139 1426 2219 cestrensis,
1443 2139 1569 2206 Willel-

517 2263 589 2306 mus
613 2241 832 2320 Marescallus,
855 2264 961 2309 comes
992 2242 1218 2321 Penbrockiae,
1242 2242 1437 2322 Willelmus,
1462 2266 1568 2309 comes

516 2343 557 2409 de
580 2344 750 2423 Ferrariis,
771 2344 942 2411 Johannes
972 2345 1191 2424 Mareseallus,
1215 2344 1388 2432 Philippus
1412 2347 1452 2411 de
1474 2346 1569 2411 Albi-

516 2452 603 2527 neto,
626 2470 701 2514 cum
723 2447 912 2529 abbatibus,
944 2447 1118 2535 prioribus,
1142 2454 1177 2514 et
1199 2447 1299 2513 turba
1328 2448 1435 2513 multa
1457 2450 1567 2532 nimis,

515 2557 554 2617 ut
581 2551 771 2627 Henricum,
801 2551 964 2617 Johannis
990 2551 1075 2639 ragis
1105 2550 1212 2616 filium
1241 2551 1508 2638 primogenitum,
1532 2552 1568 2618 in

516 2676 626 2742 regem
651 2655 783 2743 Angliae
804 2655 944 2721 feliciter
966 2655 1161 2720 exaltarent.
1209 2653 1251 2719 In
1281 2656 1424 2720 crastino
1446 2661 1567 2735 autern,

348 2768 507 2835 unguem
518 2760 710 2846 praeparatis
729 2759 881 2824 omnibus
901 2760 944 2823 ad
964 2759 1208 2824 coronationem
1230 2758 1426 2835 necessariis,
1441 2759 1569 2845 legatus

395 2839 465 2889 Μ·
518 2862 736 2948 supradictus,
760 2861 929 2927 associatis
959 2859 1023 2926 sibi
1054 2861 1212 2947 episeopis
1238 2865 1273 2927 et
1302 2862 1478 2926 comitibus
1502 2884 1568 2928 me-

517 2965 660 3043 moratis,
695 2963 794 3029 duxit
826 2988 901 3029 eum
933 2965 976 3029 ad
1010 2964 1179 3031 ecclesiam
1211 2966 1462 3031 conventualem
1493 2988 1568 3032 oum

516 3068 718 3156 processione
748 3068 929 3154 sollempni,
961 3089 1070 3155 regem
1100 3068 1347 3134 acclamandum
1359 3094 1368 3147 ;
1406 3070 1465 3134 ubi
1490 3074 1569 3136 ante

500 3175 625 3259 majus
646 3172 751 3237 altars
773 3173 984 3252 constitutus,
1009 3171 1155 3239 dictante
1185 3173 1448 3239 sacramentum¹
1474 3172 1569 3241 Joca-

498 3276 593 3354 .liuo,
610 3275 825 3341 Bathoniensi
848 3276 1006 3362 episcopo,
1018 3276 1152 3360 juravit
1177 3276 1248 3363 ipse
1271 3275 1436 3342 Henricus
1459 3297 1568 3342 coram

516 3381 601 3445 clero
633 3384 668 3445 et
694 3379 822 3466 populo,
847 3378 1006 3464 appositis
1031 3379 1096 3446 sibi
1121 3378 1336 3445 sacrosanctis
1365 3379 1567 3466 evangeliis²

515 3488 549 3548 et
586 3483 803 3569 plurimorum
839 3486 1027 3547 sanctorum
1069 3481 1226 3566 reliqniis,
1264 3481 1352 3568 quod
1399 3483 1738 3564 honorem,{Noiar09s

515 3607 626 3672 pacem
649 3607 687 3650 ac
708 3584 929 3650 reverentiam
951 3583 1101 3671 portabit
1124 3582 1197 3648 Deo
1220 3589 1254 3649 et
1276 3590 1400 3649 sanctas
1423 3565 1700 3681 eeclesiaedffl‘l‘

516 3695 550 3754 et
573 3689 643 3774 ejus
672 3687 841 3765 ordinatis,
866 3687 1020 3751 omnibus
1051 3685 1167 3751 diebus
1197 3687 1278 3752 vitae
1307 3708 1384 3752 suas.
1430 3689 1567 3755 Juravit

516 3793 626 3870 etiam,
649 3791 737 3877 quod
763 3791 798 3854 in
821 3789 943 3877 populo
972 3789 1035 3853 sibi
1062 3789 1234 3855 commisso
1255 3793 1381 3855 rectam
1398 3790 1567 3878 justitiam

517 3896 653 3972 tenebit,
675 3893 828 3979 quodque
850 3893 937 3978 leges
960 3892 1064 3956 malas
1086 3898 1121 3957 et
1143 3893 1275 3978 iniquas
1305 3894 1568 3974 consuetudines,

517 4001 545 4063 si
568 4020 642 4085 quae
664 3996 766 4062 sunt³
796 3997 833 4060 in
862 4018 972 4084 regno,
1003 3993 1137 4074 delebit,
1160 4002 1194 4061 et
1223 3996 1327 4062 bonas
1351 3999 1567 4080 conservabit,

518 4106 552 4166 et
581 4101 624 4165 ab
654 4099 806 4164 omnibus
835 4098 935 4164 faciet
965 4098 1142 4164 observari.
1197 4099 1250 4175 Et,
1281 4099 1345 4164 hiis
1378 4101 1427 4165 ita
1456 4103 1568 4189 gestis,

500 4203 637 4272 ,Petms
672 4203 914 4268 Wintoniensis
948 4207 983 4267 et
1011 4202 1182 4267 locelinus
1216 4202 1471 4270 Bathonisnsis⁴
1501 4208 1570 4294 epi-

501 4307 608 4394 scopi
630 4307 738 4394 ipsum
759 4307 796 4370 in
818 4328 928 4394 regem
950 4310 1120 4392 ungentes,
1145 4313 1387 4374 coronaverunt
1408 4331 1484 4374 eum
1507 4311 1571 4377 sol-

501 4410 697 4498 lempniter
711 4430 785 4474 cum
800 4409 936 4474 canticis
951 4415 987 4474 et
1001 4409 1294 4488 modulationibus,
1312 4433 1387 4496 quae
1402 4413 1439 4476 in
1453 4435 1569 4501 regum

520 4512 786 4578 coronationibus
807 4513 914 4577 solent
933 4513 1109 4577 decantari.
1156 4512 1312 4592 Tandem,
1329 4515 1469 4601 expletis
1492 4519 1569 4581 mis-

520 4637 629 4680 sarum
662 4613 870 4701 sollempniis,
903 4615 1073 4680 duxerunt
1111 4614 1218 4701 ipsum
1245 4614 1316 4701 jam
1351 4638 1460 4702 regem
1494 4640 1567 4683 cum

531 4808 642 4816 ——-.-
664 4810 666 4813 .
678 4808 764 4815 .-—..-.
771 4809 908 4816 --.-—.-.
917 4809 1051 4816 —-...--..-
1227 4807 1325 4814 ——-——-
1395 4809 1440 4814 -..-.
1460 4809 1564 4815 i-——a

556 4925 763 4991 'sacramentum
789 4925 826 4976 At
848 4925 903 4975 first
922 4926 1021 4977 written
1066 4926 1194 4977 corrected
1220 4926 1271 4974 sint
1298 4926 1325 4974 in
1353 4925 1417 4975 Edd.
1451 4927 1502 4976 and
1529 4928 1567 4977 ed.

521 5015 680 5059 sacramento.
1067 5007 1158 5057 Wand.

556 5091 566 5118 ²
576 5085 721 5151 maspedis]
741 5085 904 5150 compedis,
915 5085 971 5135 MS.
1101 5087 1110 5115 ⁴
1121 5085 1310 5152 Batlcniensis]
1330 5084 1439 5146 Bolbai,
1450 5084 1506 5135 MS.

557 5167 647 5235 ἠπε]
667 5167 766 5218 Soalso
781 5166 823 5216 W.
837 5167 867 5217 B.
882 5165 910 5217 O.
929 5165 967 5225 E„
978 5166 1023 5215 bnt

1368 5259 1436 5325 N2
