4517 6425
684 1172 732 1223 ua
753 1173 913 1225 rmore
934 1174 1037 1227 euers
1059 1175 1215 1242 suumn,
1238 1176 1305 1228 vrz.
1327 1177 1450 1229 runnu.
1518 1164 1585 1232 423

539 1345 673 1413 domino
694 1345 764 1435 regi
779 1369 878 1434 quam
901 1348 980 1426 Deo,
995 1348 1122 1415 dictum
1145 1349 1367 1436 Runulphum,
1383 1350 1536 1416 clericum
1551 1355 1586 1417 et
1596 1364 1665 1417 Ad).
1679 1371 1753 1420 1239.

538 1450 739 1529 canonicum,
753 1451 791 1515 in
812 1451 909 1517 domo
932 1473 1000 1532 sua,
1017 1473 1091 1538 quse
1106 1451 1219 1517 vicina
1239 1457 1292 1518 est
1313 1453 1455 1520 ecclesiae
1471 1452 1585 1520 Sancti
1596 1472 1637 1524 He
1648 1474 1671 1525 is
1682 1488 1722 1526 re-

538 1552 643 1635 Pauli,
676 1553 838 1619 violenter
867 1555 982 1642 rapuit
1012 1560 1047 1620 et
1072 1554 1298 1621 incarceravit.
1355 1555 1421 1636 Qui
1445 1557 1505 1622 vix
1526 1540 1732 1656 perffffl’l?

537 1657 724 1743 episcopum
754 1661 789 1722 et
827 1657 988 1723 decenum
1025 1661 1061 1722 et
1097 1657 1256 1743 quosdam
1288 1658 1468 1736 canonicos,
1498 1659 1585 1746 regis
1595 1615 1739 1728 effluo

536 1759 659 1825 amicos
680 1766 714 1825 et
735 1758 842 1825 eidem
864 1760 1027 1846 speciales,
1049 1763 1164 1846 postea
1191 1782 1212 1825 a
1235 1781 1359 1826 carcere
1385 1764 1420 1826 et
1444 1761 1585 1828 vinculis
1594 1741 1710 1861 fflssm

536 1867 668 1949 ereptus
690 1868 747 1928 est.
793 1863 977 1928 Parabatur
999 1862 1124 1928 etenim
1144 1862 1313 1949 episcopus
1335 1862 1587 1948 Iaondoniensis,

537 1963 661 2029 scilicet
687 1964 844 2051 Rogems,
867 1962 1012 2028 viriliter
1041 1986 1101 2050 pro
1126 1964 1281 2029 libertate
1307 1965 1451 2032 ecclesiae
1476 1966 1585 2033 decer-

539 2067 640 2132 tando
662 2066 832 2133 civitatem
856 2066 1102 2132 Londoniarum
1123 2067 1304 2132 interdicto
1326 2088 1516 2155 supponere,
1550 2075 1587 2136 et

537 2170 679 2235 ulterius
702 2169 866 2256 progredi,
890 2171 919 2234 si
941 2168 1149 2234 necessitatis
1170 2170 1344 2256 urgentior
1369 2171 1529 2236 articulus
1549 2172 1586 2237 id

536 2275 732 2357 exposceret,
748 2276 788 2336 ut
801 2271 892 2337 beati
907 2270 1041 2336 Thomae
1063 2271 1210 2336 martiris
1224 2271 1371 2364 vestigia
1386 2288 1585 2358 sequeretur.

537 2372 711 2438 Liberatus
732 2373 838 2460 igitur
860 2372 1064 2459 Ranulphus,
1097 2374 1231 2438 edoctus
1264 2377 1314 2439 est
1348 2376 1584 2462 experimenta

536 2481 663 2561 quanta
687 2474 899 2540 volubilitate
920 2474 1057 2540 fortuna
1081 2474 1205 2541 aulicos
1231 2475 1383 2563 exagitat
1406 2480 1442 2541 et
1465 2478 1583 2543 ccillat.

537 2579 662 2644 Verum
695 2579 848 2643 omnibus
874 2579 955 2643 vitae
978 2599 1047 2643 suae
1075 2577 1201 2654 diebus,
1235 2578 1325 2643 idem
1357 2578 1585 2667 R[anulphus]

536 2680 718 2758 contabuit,
731 2680 923 2746 vehementi
937 2678 1049 2746 dolore
1072 2682 1107 2745 et
1130 2680 1256 2767 pudore
1277 2679 1482 2747 infatuatus.1
1520 2682 1753 2762 tte-Hiemem

534 2790 666 2851 cusator
687 2788 798 2851 autem
822 2784 893 2871 ejus
915 2786 1110 2872 praecipuus,
1136 2784 1194 2870 qui
1216 2807 1293 2850 eum
1316 2785 1417 2851 etiam
1434 2786 1475 2851 de
1498 2775 1674 2854 laesaehlnss·

537 2887 722 2973 majestatis
759 2887 894 2952 crimine
931 2886 1066 2952 domino
1103 2887 1174 2973 regi
1203 2894 1422 2967 accusaverat,
1453 2890 1588 2955 nomine

536 2991 656 3056 Petrus
677 2990 719 3054 de
734 2985 904 3070 ll'urbera',²
928 2988 1105 3075 suspendio
1127 2993 1243 3076 postea
1265 2990 1416 3056 addictus
1438 2995 1496 3057 est
1541 2991 1589 3059 Et

536 3116 610 3160 cum
632 3090 879 3180 suspendendus
900 3096 1043 3157 mortem
1057 3112 1151 3157 suam
1166 3099 1315 3158 cerneret
1336 3092 1588 3172 imminentem,³

536 3195 701 3263 confessus
723 3199 775 3259 est
797 3192 955 3280 quoniam
977 3194 1092 3260 insons
1116 3194 1302 3281 peremnia
1323 3193 1441 3261 fuisset
1465 3218 1587 3263 memo·

535 3304 627 3364 ratus
650 3295 885 3383 R[anulphus],
909 3296 997 3362 unde
1019 3296 1153 3362 veniam
1175 3296 1274 3383 petiit
1284 3321 1294 3379 ;
1317 3298 1374 3363 sed
1396 3298 1478 3362 talia
1500 3321 1586 3364 oom-

536 3398 673 3465 menta⁴
687 3421 722 3464 se
737 3402 941 3484 protestatus
956 3403 1007 3463 est
1022 3397 1155 3477 dixisse,
1170 3402 1209 3464 ut
1232 3398 1278 3464 sic
1292 3399 1408 3464 saltem
1431 3400 1585 3466 miseram

535 3503 641 3568 vitam
664 3500 850 3588 protelaret.
896 3499 979 3564 Erat
1001 3500 1091 3564 enirn
1113 3522 1173 3586 pro
1196 3500 1271 3566 aliis
1292 3501 1492 3567 facinoribus
1507 3525 1585 3589 cap-

534 3612 591 3671 tus
613 3609 647 3670 et
669 3603 848 3683 convictu,
874 3607 1075 3690 quapropter
1095 3602 1179 3669 fides
1202 3603 1234 3669 ei
1257 3624 1326 3670 non
1349 3604 1465 3671 extitit
1490 3605 1586 3671 adhi-

535 3707 650 3775 benda

624 3986 818 4074 Imperator
839 3980 1071 4050 mammae
1096 3985 1143 4047 cet
1165 3978 1485 4048 communicatus.

580 4137 706 4204 Diebus
729 4140 842 4201 autem
865 4132 926 4198 sub
959 4130 1091 4208 eisdem,
1121 4130 1159 4195 in
1182 4129 1317 4195 ecclesia
1341 4128 1458 4196 Sancti
1484 4129 1581 4196 Pauli
1591 4142 1709 4196 Thesm-

535 4239 788 4314 Londoniarum,
805 4242 839 4300 et
860 4237 975 4321 postea
996 4254 1055 4320 per
1076 4236 1186 4297 totum
1208 4231 1341 4319 Angliae
1362 4212 1747 4319 mgnum‚d0.1’⁹¹⁰¹i·de·

1591 4279 1705 4328 nounced
1714 4288 1742 4330 at

536 4343 712 4409 nunciatus
733 4346 785 4406 est
800 4336 1030 4403 Fretherichus
1053 4336 1233 4422 imperator
1255 4335 1565 4402 excommunicatus.
1591 4343 1732 4461 iieiitlmt

1591 4476 1723 4531 manicata

573 4609 985 4680 'infatuatus]imfatuatua,1t18.
1078 4609 1170 4698 nuncet
1191 4604 1332 4697 Willclmas,
1342 4607 1393 4657 and
1403 4607 1485 4658 stated
1501 4614 1528 4656 to
1544 4607 1576 4657 be

569 4773 689 4823 'nominc
722 4769 812 4822 Petrae
839 4768 869 4819 de
908 4765 1034 4832 Turtera]
1078 4702 1306 4830 requiriticntiltm]
1320 4762 1546 4822 minuentes.

537 4853 630 4906 Added
648 4852 676 4903 iu
696 4865 776 4916 marg.
825 4847 899 4901 lnB.
915 4846 946 4903 C.
962 4845 1037 4898 heia
1110 4842 1279 4915 ffwmmcnta]
1291 4850 1415 4908 comente,
1425 4842 1485 4897 MS.
