4517 6425
675 1222 722 1272 us
744 1222 902 1272 ruurone
925 1222 1025 1272 aneu
1048 1223 1202 1285 sermm,
1226 1224 1292 1275 vm.
1315 1225 1438 1275 suumn
1513 1212 1578 1275 tle

531 1398 777 1487 B[onefacinm]
799 1399 980 1487 elegerunt,
1003 1421 1044 1465 ne
1078 1398 1115 1507 in
1148 1400 1276 1466 dolores
1297 1400 1504 1469 incidereut¹
1528 1427 1579 1470 re·
1566 1412 1659 1465 ...ΑΒ
1674 1420 1746 1467 1241

530 1502 668 1570 divivos

564 1761 614 1829 De
636 1761 913 1851 mmmmm
934 1761 1182 1830 mimum
1209 1761 1394 1831 Wiaiooiae
1418 1768 1448 1831 et
1470 1785 1547 1831 coce-

873 1864 1006 1936 nonio
1027 1865 1223 1934 maaca

574 2026 742 2094 Similiter
771 2027 839 2093 illis
873 2027 989 2095 diebus
1023 2026 1177 2094 monachi
1207 2027 1399 2110 Wiutonioe,
1437 2034 1578 2096 vacante
1592 2032 1746 2098 oppressos

528 2130 606 2196 sede
627 2130 814 2219 episcopali,
831 2153 853 2197 a
874 2131 960 2220 regis
981 2130 1191 2211 satellitibus,
1208 2132 1266 2218 qui
1288 2132 1330 2198 de
1352 2132 1481 2199 levibus
1495 2155 1578 2221 pree·
1590 2100 1746 2217 ἓξὲξ

530 2234 643 2352 ceptis·
655 2233 802 2299 crudelia
823 2232 912 2299 factu
933 2239 1189 2321 prosequuntur,
1208 2239 1261 2300 tot
1275 2235 1439 2322 angustiis
1461 2241 1577 2323 totque
1591 2233 1703 2282 oin·

529 2334 577 2420 inJ
570 2335 662 2401 uriis
677 2336 766 2424 ipsos
788 2335 1046 2425 exagitantibus,
1069 2336 1153 2403 adeo
1176 2337 1443 2425 opprimunturf
1433 2360 1577 2405 mcarce-
1589 2298 1695 2353 mr

528 2442 655 2517 rantur,
677 2438 866 2520 trahuntur,
889 2438 1117 2518 vulnerantur,
1140 2439 1230 2526 quod
1260 2439 1462 2506 lacrimabile
1493 2448 1578 2508 esset

530 2564 661 2607 omnem
685 2563 797 2608 eornm
819 2541 987 2607 miseriam
1018 2542 1191 2630 explicare.
1237 2541 1342 2609 Stetit
1369 2547 1482 2608 tamen
1504 2565 1579 2610 cou-

530 2650 651 2710 ventus
673 2643 816 2710 viriliter
845 2651 880 2711 et
913 2644 1023 2711 omniu
1047 2645 1207 2712 toleravit
1229 2644 1406 2732 patienter,
1428 2637 1490 2711 nec
1511 2652 1578 2711 ter-

529 2769 602 2813 rore
623 2747 743 2834 aliquo,
766 2747 844 2813 licet
865 2746 1069 2814 stimulasset
1086 2748 1176 2835 ipsos
1198 2748 1289 2835 prior
1308 2748 1471 2828 intrusus,
1484 2748 1578 2815 volu·

529 2856 628 2917 erunt
649 2850 782 2931 resilire,
799 2849 880 2937 quin
903 2854 1093 2917 constanter
1115 2851 1305 2939 episcopum
1332 2850 1578 2919 Norwicensem

531 2952 735 3020 Willelmnm
749 2953 977 3042 postulassent
1024 2954 1179 3020 Mouachi
1194 2960 1306 3021 autem
1323 2953 1580 3023 Cantuarienses

530 3057 711 3123 tenoribus
726 3057 884 3124 conflasti
908 3061 943 3123 et
968 3056 1120 3145 pristinis
1146 3058 1411 3145 oppressionibus
1433 3058 1579 3146 fatigati,

530 3160 710 3228 secundum
736 3159 863 3227 domini
878 3159 965 3248 regis
981 3159 1189 3240 desiderium,
1208 3159 1430 3242 Bonefacium‚
1453 3162 1578 3251 reginae

531 3265 741 3346 avunculum,
764 3286 968 3353 generosum,
984 3264 1022 3330 in
1036 3263 1196 3332 suarum'
1210 3269 1377 3354 pastorem
1393 3267 1579 3332 animarum

531 3369 710 3457 elegerunt

601 3681 604 3687 ·
718 3636 767 3706 Dc
793 3637 948 3727 captione
966 3637 1196 3726 praelatorum
1216 3637 1260 3706 isa
1282 3639 1383 3707 mari.

575 3813 660 3881 Oum
683 3819 794 3882 autem
816 3814 996 3902 imperator
1018 3814 1256 3904 F[rethericus]
1280 3815 1434 3904 praelatos
1464 3826 1712 3895 omuesThepre·

529 3916 779 4004 praemuuieudo
802 3917 1022 3997 dissuasisset,
1057 3940 1100 3983 ne
1131 3917 1174 3983 ad
1212 3919 1386 3986 concilium
1415 3893 1731 4028 Vessifflsslsleltffnga

530 4018 663 4086 insimul
690 4020 747 4087 et⁸
769 4019 963 4101 Januenses‚
987 4020 1045 4107 qui
1078 4020 1178 4087 duces
1208 4022 1256 4086 eis
1287 4022 1462 4088 constituti
1487 4031 1575 4107 suut,
1588 4027 1745 4082 rhosensem

529 4125 564 4187 et
595 4122 747 4190 dominus
784 4146 869 4213 papa
903 4123 1033 4191 eosdem
1071 4123 1251 4190 animando
1284 4125 1505 4212 persuasisset,
1542 4135 1577 4194 et
1567 4078 1745 4228 0⁸92&oe

565 4427 573 4458 ¹
593 4442 731 4492 peneresius
754 4462 859 4480 .....
883 4427 1029 4494 addant]
1075 4428 1232 4493 surcipmal,
1251 4435 1310 4494 port
1329 4429 1575 4494 praemodula-

531 4505 689 4557 ‘l'heseliuee
705 4505 782 4570 (with
796 4505 840 4557 tlte
856 4505 989 4572 exception
1006 4506 1037 4557 of
1075 4507 1246 4573 donareque
1271 4508 1384 4559 lacum
1402 4513 1517 4562 mutat
1534 4512 1575 4563 de-
1640 4499 1647 4513 ’

531 4585 575 4637 the
601 4585 650 4636 last
677 4585 749 4636 three
777 4586 867 4647 worda,
896 4587 977 4636 added
1004 4585 1032 4635 iu
1075 4604 1129 4639 nuo.

531 4666 678 4730 murmure
689 4664 920 4730 writteuonarlip
937 4665 969 4716 ol
980 4663 1033 4716 vel·
1107 4669 1243 4733 ‘aequm
1263 4705 1269 4718 .
1286 4704 1293 4718 .
1311 4705 1318 4718 .
1333 4668 1446 4735 murum]
1465 4668 1575 4721 Writteu

530 4745 583 4795 lum
600 4745 687 4808 posted
707 4759 768 4795 over
783 4743 827 4794 the
844 4743 954 4809 original
970 4751 1033 4796 text.
1076 4762 1137 4798 ona
1153 4761 1254 4798 uano!
1270 4746 1319 4812 sllp
1336 4748 1472 4799 orvedum
1489 4752 1575 4813 posted

532 4824 573 4875 On
596 4822 694 4889 raising
715 4823 775 4884 thie,
796 4822 838 4873 the
857 4823 964 4890 reading
990 4838 1034 4888 ap-
1054 4886 1056 4895 ⁴
1076 4841 1137 4877 over
1147 4829 1231 4877 words
1242 4828 1419 4893 subsequently
1427 4831 1521 4890 maed,
1530 4831 1575 4880 but

531 4917 603 4967 perra
614 4903 680 4963 thus,
697 4902 860 4967 sufficientem,
876 4900 990 4968 elicerent
1008 4904 1032 4952 in
1054 4898 1057 4977 l
1075 4906 1198 4957 osvhich
1209 4905 1259 4956 riti
1269 4907 1295 4956 in
1306 4923 1404 4957 suanm
1416 4908 1469 4958 still
1479 4910 1581 4962 semein.

531 4997 632 5031 auum
652 4989 774 5047 pastorem
796 4981 950 5040 urinarum
966 4998 1034 5046 quen
1055 4982 1057 4987 '
1075 4985 1174 5051 leglble.

532 5063 556 5110 ri
572 5063 732 5127 susciperent,
748 5061 908 5112 ωυοίιιιῑίω
926 5078 986 5111 suar
996 5063 1035 5111 r'a·
1109 5066 1120 5096 ⁸
1136 5063 1280 5131 insimulet]
1299 5065 1340 5116 On
1351 5080 1383 5116 an
1395 5081 1501 5117 emanue.

531 5139 670 5191 ruaibditer
688 5141 836 5200 maumas,
853 5141 877 5190 ci
891 5151 971 5192 uslere
987 5158 1033 5192 uos

618 5237 694 5289 Ἴθι.
719 5237 756 5289 11.
1378 5242 1399 5292 F
1420 5243 1442 5294 F
