4517 6425
632 1195 697 1257 204
762 1208 928 1257 lIATl'HAEI
952 1196 1165 1259 PARISIENSIS
1188 1209 1351 1260 HISTORIA
1373 1208 1572 1261 ANGLORUM.

462 1502 531 1554 nn.
547 1506 617 1553 1217.
663 1482 714 1549 De
736 1482 868 1570 inipetu
883 1483 976 1571 facto
1000 1484 1098 1571 apud
1126 1485 1305 1571 Woaber·9c
1329 1506 1432 1573 saper
1459 1483 1657 1551 borennas.

462 1645 595 1697 Hennes
675 1629 807 1696 Deinde
831 1653 906 1697 curn
933 1632 1023 1696 omni
1038 1632 1255 1699 multitudine
1276 1634 1436 1720 praedicta
1458 1633 1501 1699 ad
1524 1633 1679 1699 forestam
1693 1653 1852 1719 neewerc

461 1728 609 1830 mille
629 1732 670 1799 do
685 1733 859 1820 Walberge
882 1757 1069 1822 properans,
1093 1736 1181 1822 cepit
1203 1735 1326 1802 ibidem
1344 1736 1510 1823 Rogerum
1528 1737 1569 1803 de
1585 1735 1680 1803 Cole-
1731 1722 1766 1772 iv.
1782 1728 1819 1773 ¹¹·

461 1849 538 1897 forest
549 1847 579 1895 of
630 1835 711 1900 villa
726 1841 761 1902 et
775 1837 898 1902 multos
913 1837 993 1903 alios
1016 1838 1141 1903 milites
1164 1842 1199 1903 et
1222 1839 1412 1919 servientes,
1430 1840 1488 1927 qui
1509 1840 1553 1905 ad
1566 1861 1702 1909 nume.

461 1914 597 2045 merge
628 1961 702 2003 rum
718 1939 969 2027 sexagenarium
985 1941 1271 2027 computabantur,
1287 1945 1322 2006 et
1336 1947 1460 2028 praeter
1478 1963 1533 2007 eos
1555 1942 1703 2009 multos,

460 2046 570 2112 brion]
629 2041 670 2108 de
700 2041 824 2122 inoolia
849 2043 981 2108 clericos
1004 2048 1039 2108 et
1053 2043 1162 2109 laicos.
1208 2044 1274 2111 Sed
1301 2066 1374 2111 cum
1400 2045 1566 2131 quendam
1589 2045 1700 2112 cleri.

601 2173 605 2182 ·
628 2166 703 2209 curn
717 2150 893 2226 armatum,
907 2145 944 2211 G.
957 2146 1122 2225 videlicet,
1137 2169 1309 2233 personam
1325 2147 1366 2213 de
1382 2147 1550 2229 Elintona,
1566 2170 1702 2236 capere.

628 2246 814 2313 voluissent
837 2247 1005 2313 Falcasius
1029 2254 1064 2315 et
1089 2249 1143 2314 sni
1165 2250 1346 2336 complices,
1361 2251 1432 2338 ipse
1458 2250 1593 2316 clericus
1616 2251 1701 2317 ele·.

461 2361 614 2427 Braveryor
628 2373 711 2437 gans
734 2354 769 2415 et
791 2348 965 2416 strenuns¹
992 2357 1043 2417 tot
1065 2373 1108 2416 ex
1130 2351 1198 2418 illis
1220 2352 1378 2439 ruptariis
1400 2354 1590 2441 prostravit,
1606 2354 1702 2419 vul-.

461 2431 605 2562 {l‘ffif
628 2453 760 2519 neravit
781 2459 815 2518 et
839 2454 1014 2533 interfecit,
1031 2454 1121 2541 qnod
1141 2477 1253 2521 omnes
1276 2454 1425 2541 ejusdem
1447 2457 1702 2523 strenuitatem.

460 2573 513 2617 ton.
629 2556 841 2622 vehementer
862 2556 1124 2638 admirarentur3
1147 2558 1206 2623 xii.
1229 2559 1320 2624 enim
1342 2559 1493 2646 peremit,
1516 2565 1550 2625 et
1572 2560 1701 2626 multo.

627 2659 736 2746 plures
773 2660 920 2725 letaliter
954 2660 1168 2726 vulneravir.2
1228 2660 1375 2726 Tandem
1408 2668 1523 2749 captus
1554 2668 1614 2740 est,
1644 2667 1700 2728 et.

627 2763 736 2849 legato
766 2762 801 2826 in
829 2763 929 2826 armis
955 2767 1184 2848 praesentatus,
1209 2764 1263 2829 eui
1290 2768 1427 2851 propter
1450 2764 1698 2833 admirabilem.

628 2865 829 2954 probitatem
855 2864 971 2930 mitius
994 2870 1106 2931 actum
1128 2871 1187 2931 est.

687 3160 780 3228 Nolo
806 3159 1025 3227 arabantilcrn
1050 3158 1319 3247 satisfactionem
1342 3160 1496 3230 Fobosii
1519 3162 1618 3252 opud
1688 3213 1699 3233 .

963 3265 1130 3330 adoratam
1152 3264 1342 3332 Albaniana.

462 3422 599 3472 Dreinos
672 3403 789 3470 Postea
810 3426 888 3470 vero
912 3403 1053 3491 quadarn
1077 3409 1173 3469 nocte
1194 3426 1252 3491 per
1275 3403 1384 3470 visum
1407 3404 1532 3492 accepit
1554 3428 1699 3471 memo.

459 3489 588 3606 fflkeffl’t
625 3511 717 3573 ratus
748 3507 923 3587 Falcasius,
947 3506 1036 3594 quod
1062 3506 1102 3571 de
1128 3506 1216 3572 turri
1239 3507 1383 3574 ecelesiae
1413 3508 1528 3575 Sancti
1553 3508 1697 3574 Albani.

458 3573 605 3703 offerorp'y
625 3610 791 3697 quoddam
811 3610 954 3675 immane
978 3632 1104 3688 saxum,
1119 3608 1156 3674 in
1178 3609 1315 3676 modum
1335 3609 1478 3696 fulguris
1500 3611 1619 3677 cadens
1642 3618 1697 3677 et.

457 3692 612 3807 {‡‘¹s³{⁸⁰t¹⁰¹¹
625 3715 661 3779 in
682 3715 792 3801 ipsum
820 3714 957 3792 irruens,
979 3713 1088 3800 ipsum
1119 3712 1157 3777 in
1180 3712 1350 3799 pulverem
1375 3714 1541 3780 contrivit.
1603 3715 1698 3796 Qua.

458 3824 574 3874 Alban’s·
625 3819 819 3903 perterritus
842 3816 978 3894 visione,
1002 3816 1039 3881 in
1069 3816 1155 3881 lecto
1184 3838 1244 3881 suo
1269 3816 1381 3882 subito
1403 3816 1520 3903 rugitu
1544 3816 1696 3882 terribi.

458 3915 558 4032 illos}
625 3921 703 3986 liter
725 3921 899 3985 infremuit
923 3918 1193 4007 expergefactns;
1227 3917 1412 4005 uxorique³
1438 3941 1515 3998 suae,
1546 3919 1696 4007 Marga.

459 3984 591 4100 timim
625 4027 705 4090 rotro
721 4024 762 4088 dc
786 4021 955 4110 Ripariis,⁴
979 4022 1020 4088 ob
1035 4021 1096 4088 hoc
1111 4021 1305 4110 stupefactae
1320 4022 1483 4088 visionem
1498 4023 1696 4088 enarravit..

458 4114 579 4170 Falcone
625 4126 674 4190 At
696 4127 776 4213 ipsa,
800 4125 1082 4191 “Provocastisne
1104 4148 1251 4212 unquam
1271 4127 1407 4192 beatum
1423 4125 1600 4202 Albanum,
1616 4131 1695 4190 aut.

624 4229 779 4314 1njuria1n
804 4229 975 4316 irrogastis
989 4228 1025 4294 l'’
1070 4228 1119 4294 At
1136 4229 1214 4317 ipse,
1230 4235 1248 4264 “
1259 4228 1381 4307 Etiam,
1396 4249 1471 4293 cum
1486 4227 1556 4314 ejus
1579 4228 1695 4294 eccle--

625 4330 707 4398 siam
738 4331 913 4397 homicidio
943 4331 1078 4409 violavi,
1109 4331 1151 4397 ab
1182 4331 1303 4396 abbate
1333 4330 1505 4418 pecuniam
1541 4332 1694 4409 extorsi.

625 4421 740 4502 villam
764 4435 971 4521 depraedatus
993 4456 1075 4512 sum,
1098 4434 1248 4501 homines
1270 4434 1419 4521 captivos
1441 4433 1568 4499 abduxi
1592 4435 1695 4499 redi--

625 4537 787 4605 mendos.'’
844 4538 892 4602 At
922 4537 1003 4625 ipsa,
1028 4537 1273 4604 “Festinanter
1295 4559 1392 4603 mane
1422 4537 1478 4602 adi
1509 4536 1696 4603 ecclesiam.

625 4641 822 4709 venerabilis
845 4641 1031 4728 Anglorum
1058 4639 1327 4727 prothomartiris
1357 4640 1490 4721 Albani,
1515 4645 1549 4705 et
1580 4641 1695 4707 satis--

624 4747 676 4813 fao
691 4747 763 4812 Deo
786 4749 822 4812 et
842 4744 980 4822 martiri,
996 4748 1030 4809 et
1044 4743 1125 4810 viris
1147 4742 1309 4832 religiosis
1330 4741 1478 4831 ibidem5
1500 4744 1695 4810 militanti..

658 4944 836 5010 'ctrtrcnuus]
864 4943 956 4994 Added
978 4958 1012 4992 on
1034 4949 1061 4992 to
1084 4941 1127 4991 the
1207 4939 1453 5006 'que]1nterlined.

624 5036 686 5079 text.
1207 5022 1215 5050 ⁴
1229 5021 1381 5086 Morqaretoe
1392 5019 1422 5071 de
1432 5019 1563 5087 librariis]
1584 5020 1676 5072 Added

656 5107 722 5189 ²riis
734 5107 813 5156 enim.
828 5142 833 5155 .
847 5141 854 5155 .
872 5101 1020 5169 vulneravit]
1035 5101 1127 5153 Added
1174 5100 1202 5151 in
1213 5116 1293 5166 marg.

625 5188 653 5238 in
665 5200 745 5251 marg.
1207 5181 1217 5210 ⁸
1229 5179 1328 5246 ibidem]
1347 5180 1449 5242 ibibem,
1461 5179 1518 5233 MS.
