4517 6425
694 1162 760 1227 418
819 1175 986 1230 mmm
1007 1175 1221 1232 PABISIENSIS
1243 1178 1409 1233 merom
1429 1179 1630 1238 memnon.

527 1357 596 1412 Μ).
611 1351 819 1432 mandemus,
854 1352 932 1421 lieet
964 1359 1162 1443 competens,
1197 1360 1232 1424 et
1268 1357 1455 1445 postulatus
1481 1358 1519 1423 in
1555 1358 1744 1447 episcopum

526 1450 689 1504 winchester
698 1454 970 1538 wintoniensem,
986 1458 1155 1546 episeopus
1170 1458 1382 1527 Cioestrensis
1404 1460 1609 1550 Radulpbns,
1623 1463 1745 1529 soilioet

526 1519 656 1636 ‘elffii-⁰
698 1558 919 1639 cancellarius,
933 1560 988 1626 vir
1002 1561 1136 1647 quidem
1156 1561 1304 1643 idoneus,
1320 1569 1355 1632 et
1376 1565 1468 1631 inter
1487 1586 1600 1633 omnes
1622 1564 1745 1631 aulioos

528 1651 621 1704 nuum.
698 1681 799 1748 regno
819 1662 1035 1730 fidelissimus.
1140 1662 1148 1677 ⁰

734 1893 782 1961 De
804 1892 959 1963 eloctione
986 1893 1151 1965 thleont
1175 1894 1217 1962 do
1239 1893 1327 2035 Ralla
1347 1894 1392 1963 isa
1412 1894 1608 1983 episcopam
1630 1892 1703 1964 Oee-

1142 2004 1295 2067 transeat

556 2147 663 2199 roret.
744 2131 839 2199 Circe
860 2133 981 2200 festum
1002 2155 1082 2200 vero
1112 2134 1221 2200 saneti
1254 2134 1403 2216 Mathia,
1432 2134 1585 2202 monachi
1616 2132 1745 2202 Ooven·

526 2237 648 2359 &yffi
655 2239 687 2291 of
699 2237 825 2301 trenaee
846 2236 1012 2356 timentes,
1033 2259 1077 2302 ne
1107 2238 1138 2302 si
1169 2237 1314 2355 aliquem
1345 2234 1436 2303 non⁹
1463 2237 1619 2304 curialem
1644 2235 1744 2323 elige·

527 2338 1643 2531 esnwttttlttttffltffitt
1657 2342 1744 2505 tt*

694 2464 833 2610 lelmurrl
851 2546 892 2611 de
908 2545 999 2624 Belo,
1016 2546 1210 2612 canonicum
1232 2546 1376 2613 eoelesiae
1397 2545 1513 2613 Sancti
1535 2544 1632 2611 Pauli
1655 2544 1744 2609 Lon·

693 2645 879 2729 doniarum,
903 2647 1031 2713 domini
1056 2648 1145 2736 regis
1167 2647 1321 2715 elerieum
1343 2648 1516 2737 speeinlem
1537 2652 1572 2714 et
1593 2647 1744 2713 consilia·

691 2749 778 2813 rium
822 2749 1027 2829 familiarem,
1064 2750 1175 2816 virum
1213 2750 1391 2818 discretum
1423 2756 1459 2818 et
1495 2751 1606 2839 legum
1639 2752 1744 2817 terrae

690 2852 843 2937 peritum,
858 2852 895 2917 in
916 2854 1102 2941 episcopum
1124 2875 1221 2919 suum
1242 2853 1307 2919 sibi
1329 2853 1507 2940 elegerunt.

782 3101 932 3171 Reddita
954 3110 1001 3172 eet
1022 3103 1211 3173 Fretherioo
1233 3104 1436 3193 imperatori
1457 3103 1661 3175 Serdonis!

528 3272 647 3328 Sardinia
740 3254 839 3323 Anno
861 3277 992 3343 quoque
1014 3256 1076 3323 sub
1099 3257 1213 3322 eodem
1237 3255 1400 3322 Sardania
1421 3257 1553 3323 reddita
1574 3261 1625 3323 est
1639 3256 1746 3343 impe-

525 3344 674 3460 {fifflw
696 3359 800 3424 ratori
823 3359 1021 3437 FretherieO‚
1052 3363 1168 3426 eontra
1190 3359 1319 3424 domini
1347 3381 1441 3447 popae
1470 3360 1677 3425 voluntalem
1707 3365 1743 3426 ³¹⁵

525 3489 608 3539 perot.
697 3460 962 3548 prohibitionem
1008 3460 1126 3543 Quam,
1142 3461 1219 3528 lieet
1234 3483 1321 3549 papa
1342 3461 1466 3527 offenso
1481 3466 1516 3527 et
1537 3461 1743 3538 reclamante,
1784 3489 1791 3499 ·

696 3569 733 3631 et
762 3570 928 3631 asserente
959 3564 1041 3631 illud
1075 3564 1119 3629 ad
1147 3564 1204 3651 jus
1234 3565 1326 3630 beati
1347 3564 1440 3630 Petri
1461 3563 1633 3654 pertinere,
1652 3565 1741 3631 idem

696 3667 876 3754 imperator
897 3667 1040 3733 libenter
1070 3668 1224 3755 suscepit,
1255 3672 1292 3734 et
1322 3666 1466 3734 eontulit
1495 3689 1633 3754 regnum
1658 3667 1742 3732 illud
1835 3674 1839 3683 “

695 3769 805 3850 Ensio,
829 3770 900 3836 filio
929 3793 998 3848 suo,
1021 3770 1133 3837 dicens
1162 3793 1197 3837 se
1224 3770 1353 3858 jurasse
1383 3791 1536 3838 revocare
1558 3769 1741 3857 obligatum

693 3872 841 3960 dispersa
855 3873 994 3961 imperii,
1010 3878 1046 3939 et
1067 3874 1152 3940 illud
1173 3896 1321 3962 regnum,
1337 3896 1411 3940 cum
1434 3873 1477 3939 de
1495 3873 1632 3961 imperio
1647 3877 1741 3951 esset,

694 3997 753 4062 per
775 3976 1015 4064 negligentiam
1037 3977 1275 4064 imperatorum
1297 3981 1538 4043 antecessorum
1568 3980 1604 4042 et
1623 3975 1742 4041 vendi·

693 4078 877 4144 oetionem⁴
920 4080 1019 4145 curiae
1055 4080 1215 4146 Romanae
1252 4080 1378 4146 dudum
1414 4078 1515 4145 fuisse
1552 4079 1740 4144 alienatum.

693 4180 748 4245 Ex
770 4185 853 4247 tune
874 4181 981 4269 igitur
1002 4185 1113 4248 ortum
1136 4187 1186 4249 est
1210 4183 1322 4249 odium
1343 4181 1543 4249 inexorabile
1565 4182 1655 4246 inter
1683 4180 1741 4245 do-

691 4282 822 4347 minum
859 4306 980 4372 papam
1018 4290 1053 4350 et
1094 4286 1327 4373 imperatoiem
1358 4283 1621 4373 F[retherioum],
1652 4282 1741 4370 quod

690 4406 861 4471 nunquam
898 4393 1012 4474 postea
1042 4388 1155 4475 potuit
1186 4389 1342 4478 mitigari,
1365 4388 1423 4456 sed
1455 4387 1572 4455 diatim
1603 4384 1742 4452 infelix⁶

691 4488 838 4576 suscepit
859 4489 1106 4557 incrementum

723 4768 730 4797 ¹
747 4766 779 4817 In
790 4767 833 4819 the
842 4768 976 4835 marginis
987 4770 1073 4820 drawn
1090 4784 1106 4819 a
1116 4769 1190 4820 mitre
1236 4769 1302 4821 lable
1317 4764 1503 4831 inminente!
1514 4769 1532 4828 i,
1544 4766 1595 4829 ie,
1604 4765 1738 4825 Sardinio;

689 4845 781 4912 falling
792 4850 875 4911 down,
892 4851 944 4900 and
954 4864 970 4900 a
980 4849 1075 4900 crosier
1093 4849 1191 4900 broken
1237 4850 1287 4900 and
1297 4864 1325 4900 so
1336 4848 1493 4914 agninintbe
1501 4854 1559 4899 text
1567 4846 1738 4912 immediately

688 4924 718 4974 in
730 4925 826 4978 belvas
1237 4929 1374 4994 following.

720 5006 731 5035 ²
747 5007 807 5072 mn]
822 5006 960 5058 Interlined
969 5008 1005 5073 by
1016 5022 1032 5058 a
1042 5004 1190 5058 laternam
1271 5011 1314 5059 *σε
1323 5006 1524 5074 ominationem]
1538 5008 1738 5060 Onanerasnre.

721 5084 892 5153 'SardonioJ
907 5087 977 5139 Over
985 5086 1029 5138 the
1040 5088 1132 5139 mend
1140 5087 1192 5152 tyl-
1271 5087 1519 5156 'inseli:]imfeli1‚
1530 5087 1587 5140 MS.
