4517 6425
658 1180 720 1242 138
792 1192 959 1242 narrum
983 1193 1197 1243 rrsrsrsssrs
1220 1191 1382 1243 rusroars
1404 1190 1605 1243 morosum.

485 1374 553 1423 AD-
569 1379 640 1425 1213.
653 1370 754 1431 armis
777 1374 811 1433 et
832 1368 1038 1445 victualibus,
1063 1369 1273 1456 significavit,
1290 1370 1448 1456 quatinus
1464 1390 1578 1433 versus
1594 1366 1705 1441 Suine,

655 1470 820 1537 Flandriae
842 1476 984 1557 portum,
1007 1471 1082 1537 vela
1107 1472 1289 1559 dirigerent
1303 1477 1338 1538 et
1352 1471 1486 1551 vexilla,
1508 1475 1544 1535 ot
1565 1470 1609 1535 ad
1631 1490 1707 1535 eum

653 1573 732 1641 illuc
757 1574 870 1640 venire
905 1574 1100 1660 quantocius
1130 1572 1334 1640 festinarent
1391 1573 1489 1654 Quod
1515 1578 1550 1639 et
1580 1572 1706 1638 factum

485 1690 540 1740 The
553 1700 629 1742 count
653 1682 712 1741 est.
773 1677 891 1744 Comes
927 1700 1006 1743 vero
1043 1678 1206 1764 impetum
1243 1677 1330 1765 regis
1367 1676 1570 1742 Francorum
1608 1675 1707 1741 vehe-

483 1758 640 1888 ffiffiss
652 1783 781 1845 menter
808 1779 1051 1867 pertimescens,
1085 1779 1161 1846 ilico
1193 1780 1262 1867 regi
1284 1779 1469 1867 Anglorum
1499 1780 1570 1846 haeo
1596 1779 1707 1845 omnia

485 1891 606 1969 Johnsor
652 1882 833 1961 nunciavit,
857 1882 1036 1971 implorans
1057 1883 1243 1970 diligenter,
1269 1888 1308 1949 ut
1333 1883 1397 1948 sibi
1429 1883 1465 1948 in
1494 1886 1585 1948 arcto
1607 1904 1722 1969 prop·.

485 1960 535 2010 ad.
652 1990 705 2051 ter
726 1986 834 2073 ipsum
856 1985 1038 2053 constituto
1059 1986 1203 2052 militare
1225 1985 1407 2053 subsidium
1432 1985 1566 2053 mittere
1588 1985 1704 2073 digna·

652 2094 752 2156 retur.

656 2396 834 2479 Quomodo,
856 2396 1019 2484 impedito
1044 2395 1133 2482 repis
1157 2396 1374 2463 fflroacorum
1396 2395 1579 2483 proposito,
1602 2396 1706 2463 stiram

931 2498 1004 2584 ejus
1030 2499 1149 2565 cloacis
1174 2499 1220 2566 ait
1247 2500 1422 2565 conducta.

484 2667 554 2717 John
566 2672 640 2719 senos
699 2654 775 2717 IIiis
799 2654 931 2729 auditis,
956 2677 1016 2720 rex
1041 2655 1227 2741 Anglorum
1250 2654 1431 2720 destinavit
1453 2653 1491 2717 in
1516 2674 1702 2719 succursum
1714 2667 1874 2732 laguena

485 2735 623 2854 iiiiii}
653 2757 782 2821 comitis
808 2757 979 2822 memorati
1014 2756 1150 2822 fratrem
1182 2777 1277 2822 suum
1307 2756 1519 2834 Willelmum,
1551 2756 1703 2823 comitem
1737 2736 1773 2786 5³¹·
1786 2740 1843 2786 ²⁵⁷·

485 2883 556 2923 unce.
653 2857 933 2938 Saresbiriensem,
971 2858 1183 2937 willelmum,
1220 2858 1358 2925 ducem¹
1394 2857 1635 2936 Houtlandiae,²
1672 2863 1706 2924 ct

653 2962 883 3050 Reginaldum,
905 2962 1059 3029 comitem
1082 2962 1249 3041 Bononiae,
1275 2962 1451 3029 bellatores
1481 2964 1609 3043 electos,
1632 2985 1706 3029 cum

652 3066 795 3133 navibus
817 3065 1009 3154 quingentis
1031 3071 1066 3131 et
1086 3065 1250 3133 militibus
1273 3065 1500 3154 septingentis,
1523 3070 1558 3133 et
1580 3065 1706 3131 familia

652 3170 758 3235 multa
786 3169 894 3250 nimis,
924 3174 994 3237 tam
1019 3169 1164 3257 equestri
1193 3191 1292 3256 quam
1321 3169 1474 3258 pedestri
1532 3168 1599 3252 Qui
1622 3170 1872 3262 velisRogWend.

652 3272 814 3361 prosperis
842 3294 956 3339 versus
989 3272 1183 3339 Flandn'am
1220 3279 1442 3362 properantes,
1476 3294 1534 3361 per
1571 3278 1704 3360 portum
1742 3265 1778 3302 Μ
1791 3256 1848 3301 ²⁵⁸‘

652 3376 754 3443 Suine
777 3377 958 3442 transitum
983 3376 1175 3458 faciebant3
1206 3376 1264 3442 ubi
1294 3381 1426 3443 tantam
1455 3375 1593 3442 navium
1620 3376 1705 3442 mul·

485 3498 557 3563 They
567 3507 604 3548 at.
651 3480 831 3547 titudinem
852 3479 1029 3560 intuentes,
1052 3479 1311 3546 admirabantur.
1357 3480 1531 3567 Missisque
1555 3479 1704 3568 explora-

484 3567 599 3683 ξξυξζξο
650 3583 788 3662 toribus,
810 3587 1036 3671 cognoverunt
1058 3582 1165 3670 ipsam
1190 3604 1258 3649 esse
1286 3583 1422 3650 classem
1448 3584 1535 3672 regis
1561 3583 1704 3650 Franco·

484 3699 615 3758 flerem
649 3709 733 3765 rum,
766 3709 841 3774 quse
879 3686 958 3752 illuc
997 3707 1104 3772 nuper
1143 3686 1265 3765 aderat,
1301 3691 1336 3753 et
1373 3687 1479 3774 ipsam
1513 3687 1605 3753 omni
1638 3686 1705 3753 fere

485 3774 627 3900 ξζξξζξξζ
649 3790 807 3870 custodia,
835 3789 981 3876 exceptis
1009 3789 1123 3877 paucis
1153 3789 1342 3871 marinellis‚
1369 3813 1486 3856 carere.
1543 3790 1705 3856 Exierant

650 3893 739 3960 enim
777 3892 821 3958 ad
855 3891 1073 3980 praedandum
1110 3891 1176 3980 ipsi
1210 3892 1347 3970 milites,
1385 3894 1505 3979 quibus
1534 3892 1704 3981 navigium

650 3997 759 4063 fuerat
788 3996 1008 4077 commissum,
1032 4002 1072 4062 ut
1098 4001 1222 4061 terram
1253 3994 1383 4062 comitis
1409 3995 1576 4062 Flandriae
1606 3995 1704 4082 depo-

649 4099 796 4188 pulando
818 4105 999 4166 vastarent
1045 4100 1142 4180 Quod
1169 4121 1244 4165 cum
1273 4099 1437 4187 principes
1466 4098 1597 4166 militiae
1618 4099 1706 4186 regis

650 4204 835 4292 Anglorum
857 4204 1099 4291 comperissent,
1122 4202 1165 4268 ad
1187 4225 1280 4268 arma
1303 4202 1490 4291 prosiliunt,
1505 4203 1704 4290 classemque

652 4308 772 4374 acriter
796 4307 973 4387 invadunt,
1003 4312 1038 4373 et
1063 4306 1101 4372 in
1130 4305 1232 4385 brevi,
1258 4305 1444 4394 subjugatis
1473 4307 1593 4387 nautis,
1616 4307 1703 4372 funi·

652 4411 714 4478 bus
738 4411 875 4478 navium
899 4410 1067 4499 praescisis,
1090 4415 1253 4476 trecentas
1276 4411 1395 4491 exeis,
1418 4410 1593 4489 frumento,
1614 4410 1703 4492 vino,

652 4515 769 4597 farina,
789 4536 895 4595 carne,
915 4513 1024 4591 armis
1039 4535 1077 4578 ac
1099 4512 1197 4579 rebus
1221 4512 1295 4579 aliis
1316 4513 1400 4578 bene
1424 4519 1567 4593 onustas,
1591 4535 1705 4580 versus

652 4620 809 4707 Angliam
836 4618 994 4704 Neptuno
1020 4617 1242 4682 committunt.
1299 4615 1411 4682 Nares
1444 4621 1604 4704 praeterea
1629 4639 1705 4684 oen-

686 4925 692 4954 ¹
705 4923 800 4989 decem]
820 4921 877 4974 The
893 4935 962 4972 same
973 4919 1081 4987 reading
1091 4918 1114 4970 is
1127 4919 1156 4969 in
1176 4921 1180 4987 l
1233 4915 1427 4986 2Ηοιιιὶαηᾱίω]
1442 4920 1477 4971 So
1485 4921 1537 4970 also
1544 4920 1586 4972 W.
1594 4920 1624 4971 B.
1635 4920 1663 4972 C.
1673 4918 1703 4980 1.,

651 5004 694 5052 W.
708 5005 736 5053 B.
747 5004 785 5064 0.,
800 5005 845 5053 but
856 5003 883 5052 iu
897 5002 941 5052 the
956 5001 1054 5065 margin
1066 5000 1097 5049 of
1109 5015 1157 5049 our
1201 5000 1246 5050 but
1260 5015 1298 5050 wc
1310 5001 1390 5066 ought
1406 5009 1431 5051 to
1447 5002 1506 5051 read
1518 4999 1660 5050 Hoiloudioe
1673 5015 1703 5049 or

652 5083 710 5134 MS.
719 5079 1157 5141 iswrittencomirem,whicbismorc
1201 5077 1343 5130 Holandiae.
1372 5080 1420 5131 Sec
1432 5096 1456 5146 p.
1467 5086 1521 5142 150,
1534 5081 1618 5131 where
1635 5080 1667 5131 he
1682 5081 1703 5130 is

653 5168 756 5213 correct.
791 5163 822 5212 In
834 5161 873 5223 R,
884 5160 966 5212 dacem
977 5158 1016 5212 vel
1024 5160 1139 5211 comitem.
1202 5159 1278 5224 again
1289 5159 1441 5212 mentioned.
