4517 6425
758 1221 805 1270 ns
828 1219 987 1270 rnurons
1010 1220 1110 1269 naurs
1137 1220 1292 1284 nnumcr,
1315 1220 1381 1270 viz.
1404 1222 1526 1271 runnu.
1596 1209 1661 1273 213

612 1388 706 1466 dites,
745 1389 803 1476 qui
841 1390 903 1456 sub
948 1412 1085 1456 numero
1123 1390 1345 1457 determinato
1390 1414 1455 1457 non
1493 1390 1661 1458 cadebant.
1675 1404 1742 1457 al).
1757 1410 1828 1459 1217.

614 1491 731 1558 Comes
754 1492 951 1560 Porticensis
983 1494 1019 1559 in
1050 1493 1197 1581 pomerio
1229 1493 1401 1581 hospitalis
1426 1498 1523 1560 extra
1548 1494 1663 1559 villam

592 1595 762 1682 ,sepultus
796 1600 855 1674 est,
889 1600 924 1662 et
954 1597 1021 1662 duo
1052 1596 1110 1661 alii
1140 1595 1308 1662 interfecti
1331 1618 1374 1662 ex
1399 1596 1562 1663 militibus
1593 1597 1662 1682 ejus

593 1698 811 1772 ‚carissimis1
835 1704 915 1764 sunt
936 1697 1060 1764 ibidem
1082 1700 1274 1786 ignobiliter
1296 1697 1477 1767 tumulati?

840 1994 891 2061 De
913 1995 1035 2082 spoliis
1056 1995 1208 2064 actutu
1232 2004 1261 2063 ct
1287 1998 1437 2085 rapinis.

443 2175 602 2240 Rouwffld.
659 2150 737 2217 Hiis
758 2150 808 2216 ita
826 2152 940 2238 gestis,
954 2151 1156 2218 invenerunt
1177 2152 1303 2241 regales
1324 2151 1360 2217 in
1382 2152 1502 2241 plateis
1517 2152 1664 2219 civitatis
1677 2164 1761 2229 spoils

480 2243 515 2294 iv.
528 2250 567 2294 2⁴·
613 2254 706 2342 bigas
727 2254 888 2319 baronum
911 2260 946 2321 et
968 2255 1179 2335 Francorum,
1202 2277 1276 2321 cum
1302 2256 1488 2320 summariis
1510 2261 1546 2321 et
1568 2231 1794 2364 aarum&

588 2358 674 2438 nis,
698 2358 788 2422 vasis
811 2358 975 2445 argenteis
1000 2363 1037 2423 et
1059 2359 1155 2424 varia
1188 2356 1411 2444 supellectili,³
1434 2380 1508 2443 quae
1542 2359 1808 2436 omniaandcmel

594 2460 868 2527 ·concedentibus
890 2460 1056 2525 Willelmo
1088 2460 1279 2527 Marescallo
1312 2465 1347 2525 et
1377 2461 1496 2547 legato,
1519 2461 1557 2525 in
1585 2482 1664 2527 usus
1676 2438 1810 2550 ffiffi‘

594 2568 781 2630 -cesserunc
802 2564 1040 2651 occupantium.
1086 2562 1152 2628 Sed
1175 2567 1210 2629 et
1231 2564 1368 2649 legatus,
1390 2562 1513 2629 oblitus
1539 2563 1810 2628 miseri-habitans·

594 2666 734 2732 cordia)
765 2687 803 2731 ac
825 2666 977 2752 justitiae,
1011 2665 1169 2751 praecepit
1199 2665 1364 2753 regalibus
1396 2665 1521 2731 adhoc
1543 2666 1664 2753 pronis,

614 2772 654 2833 ut
675 2768 763 2833 cives
786 2773 821 2834 et
843 2768 944 2834 etiam
966 2767 1141 2834 canonicos
1162 2771 1196 2833 et
1219 2789 1330 2834 omnes
1361 2768 1509 2833 civitatis
1540 2768 1664 2855 presbi-

614 2876 702 2937 teros
724 2876 887 2957 caperent,
908 2875 944 2936 et
965 2876 1126 2958 tanquam
1153 2871 1239 2958 regis
1269 2870 1453 2958 proditores
1474 2874 1510 2936 et
1531 2871 1665 2937 domino

594 2996 709 3061 ·papae
731 2972 866 3039 rebelles
888 2977 923 3039 et
944 2973 1150 3060 proditorum
1165 2978 1390 3061 receptatores,
1404 2971 1666 3060 praesontarent⁴

592 3078 671 3154 ·eis,
702 3077 738 3141 in
761 3076 944 3162 profectum
973 3077 1056 3163 regii
1080 3077 1252 3156 exercitus,
1277 3080 1570 3163 quantumcunque
1591 3097 1665 3164 pos-

596 3183 688 3246 ·sent
711 3198 842 3266 quoque
874 3179 1048 3265 pecuniam
1071 3185 1328 3266 extorquerent;
1362 3200 1436 3246 cum
1468 3183 1582 3246 tamen
1612 3180 1666 3245 in-

594 3287 724 3348 ·sontes
747 3286 864 3358 essent,
886 3288 921 3347 et
943 3280 1079 3360 subito,⁶
1101 3283 1139 3347 in
1161 3283 1344 3370 dampnum
1375 3304 1471 3348 suum
1497 3303 1664 3370 magnum,

614 3382 855 3473 praeoccupati⁰
870 3384 1040 3449 violenter.
1086 3384 1188 3450 Facta
1210 3389 1261 3450 est
1283 3390 1394 3450 autem
1416 3386 1482 3450 ista
1496 3384 1574 3451 belli
1588 3405 1665 3450 oon·
1677 3394 1833 3511 pptrtpeofthe

595 3591 713 3655 moda
727 3588 942 3655 Pentecostes
989 3589 1139 3654 Fuerunt
1160 3594 1273 3654 autem
1294 3590 1329 3654 in
1352 3589 1488 3654 civitate
1503 3594 1664 3656 matronae
1677 3540 1815 3710 MILJW'

597 3692 826 3770 ·venerabiles,
840 3713 924 3778 quae,
940 3713 982 3757 ne
1005 3690 1169 3757 ludibrio⁸
1192 3692 1411 3770 traderentur,
1433 3692 1470 3757 in
1490 3691 1664 3779 fragilibus
1677 3725 1824 3762 womenare

595 3796 730 3861 -cimbis
753 3800 787 3861 et
810 3796 921 3882 parvis
943 3815 977 3859 se
1000 3814 1140 3880 suosque
1164 3793 1284 3859 liberos
1318 3798 1506 3882 posuerunt,
1538 3800 1578 3861 ut
1606 3777 1816 3894 Wilil'ilii'r

595 3920 736 3983 aquam
758 3897 974 3964 elaberentur.
1021 3896 1171 3977 Quarum
1194 3897 1345 3982 quaedam
1372 3918 1448 3984 pars
1479 3897 1598 3963 defecit
1628 3897 1800 3962 inchildren.

595 4002 680 4081 ·via,
702 4023 778 4088 pars
809 4005 921 4066 autem
945 3998 1022 4065 est⁰
1053 3998 1230 4064 submersa
1287 3998 1353 4078 Qui
1383 4003 1496 4065 autem
1525 4005 1560 4065 et
1590 4021 1664 4087 quae

596 4109 849 4183 ·romanserant,
872 4103 1025 4168 omnibus
1048 4100 1294 4166 calamitatibus
1317 4102 1574 4188 exponebantur.

916 4374 1145 4463 Relinquitur
1170 4375 1367 4441 Muntsorcl.

446 4535 604 4600 Rouwenu
664 4519 762 4586 Mane
794 4526 906 4585 autem
937 4521 1033 4600 facto,
1057 4523 1221 4586 venerunt
1252 4517 1365 4584 nuncii
1395 4518 1439 4584 ad
1461 4540 1579 4605 regem,
1607 4520 1779 4607 quincunc-

484 4601 518 4653 iv.
531 4609 570 4656 ²⁶·
617 4625 784 4703 dixerunt,
811 4623 933 4688 milites
966 4624 1006 4689 de
1039 4622 1221 4688 Muntsorel
1255 4627 1401 4688 castrum
1431 4621 1600 4707 reliquisse
1630 4602 1789 4718 eldoelilidd

650 4863 657 4891 ¹
669 4857 818 4922 carissimis]
832 4855 915 4917 kmis,
926 4855 983 4906 MS.

647 4943 700 4990 ²cr
718 4977 723 4989 .
742 4975 748 4986 .
767 4975 773 4987 .
792 4974 798 4986 .
819 4933 943 5000 annua]
975 4934 1069 4985 Added
1091 4934 1118 4985 in
1198 4934 1395 5001 ί’ρητοοοιιραεῆ
1414 4931 1568 4998 preocupati,
1579 4931 1635 4983 MS.

614 5037 693 5085 marg.
1199 5017 1208 5044 ⁷
1219 5014 1329 5080 sabbati]
1349 5013 1437 5075 sabati,
1449 5012 1505 5063 ΜΒ.

647 5093 828 5163 'supellectflq
848 5092 1084 5160 suppelectili,MS.
1198 5093 1334 5160 'ludibric]
1353 5092 1478 5154 ludubrio,
1488 5089 1545 5144 ΜΕ.
1594 5107 1600 5119 ·

650 5181 657 5208 ¹
666 5175 859 5244 proescutarent]
879 5174 921 5227 On
932 5189 965 5225 an
976 5187 1083 5225 mure·
1198 5173 1268 5239 ἀί]
1286 5171 1429 5223 Interlineu
