4517 6425
772 1184 837 1248 500
895 1194 1061 1245 uarium
1084 1191 1295 1243 emmeram
1317 1187 1481 1241 msrosm
1502 1188 1702 1240 suenorum

604 1388 673 1442 Μ).
687 1394 760 1441 1245.
772 1372 967 1438 castellanus
989 1393 1011 1435 a
1032 1370 1115 1435 fecie
1138 1367 1344 1434 Walensium
1377 1365 1465 1453 fugit
1487 1366 1600 1432 abiens
1623 1370 1803 1432 retrorsum
1815 1390 1824 1446 ;

771 1475 829 1542 sed
851 1473 955 1560 Angli
975 1473 1148 1538 latitantes
1171 1475 1390 1557 proruperunt
1411 1470 1575 1536 irruentes
1596 1469 1633 1533 in
1654 1467 1826 1533 Walenses

771 1579 935 1663 fugantes,
952 1580 986 1642 et
1008 1598 1158 1642 reversus
1181 1573 1378 1640 castellanus
1401 1595 1476 1639 cum
1499 1574 1566 1638 suis
1588 1573 1624 1636 in
1646 1571 1826 1647 Walenses,

773 1682 832 1767 qui
854 1681 896 1747 de
918 1679 1112 1767 fugantibus
1130 1679 1202 1765 jam
1225 1678 1304 1742 facti
1327 1683 1407 1742 sunt
1420 1677 1595 1763 fugientes,
1610 1679 1825 1761 susceperunt

773 1806 828 1851 eos
851 1784 966 1849 inore
988 1782 1091 1868 gladii
1114 1786 1150 1847 et
1170 1780 1392 1847 trucidarunt.

1027 2013 1576 2100 Excoenmeac'cotar,lrapcrotore

606 2192 724 2272 Theop-
819 2171 978 2258 Tempore
1001 2192 1130 2257 quoque
1152 2169 1213 2234 sub
1243 2169 1358 2235 'eodem
1387 2168 1466 2233 fecit
1487 2168 1638 2233 dominus
1660 2187 1746 2254 papa
1767 2187 1826 2230 ex-

605 2275 763 2339 immi*
774 2276 1015 2341 communicare
1037 2274 1270 2361 imperatorem
1301 2272 1537 2351 Frethericum,
1561 2277 1595 2336 et
1616 2271 1725 2355 ipsum
1747 2269 1826 2335 fecit

606 2342 746 2458 ἓξὲξ·
775 2376 968 2446 enunciari¹
1001 2377 1323 2444 excommunicatum
1352 2398 1411 2463 per
1441 2380 1547 2441 totam
1586 2373 1760 2439 Franciam
1790 2380 1826 2439 et

607 2461 734 2527 thepope.
776 2482 939 2568 Angliam.

788 2686 935 2755 oneras
957 2694 1003 2754 eat
1024 2686 1173 2775 quodam
1197 2684 1313 2772 lepide
1335 2683 1519 2751 Hectoreus
1532 2681 1817 2772 fletus-Martae?

822 2848 934 2914 David
956 2854 1068 2915 autem
1091 2848 1225 2936 cupiens
1243 2848 1410 2933 jacturam
1433 2869 1527 2913 suam
1549 2847 1717 2925 redimere,
1732 2869 1828 2913 exer-

778 2951 859 3017 citui
882 2952 1069 3038 Anglorum
1092 2952 1272 3039 diligenter
1292 2950 1485 3016 excubando
1507 2950 1735 3016 insidiabatur.
1780 2950 1828 3016 Et

691 3074 695 3081 ¹
778 3055 858 3119 dum
880 3055 1016 3140 quidam
1038 3054 1132 3120 miles
1155 3054 1401 3119 strenuissimus
1430 3054 1521 3119 inter
1543 3059 1710 3140 praerupta
1732 3076 1827 3135 mon-

727 3211 731 3218 ,
777 3157 860 3223 tium
896 3158 1119 3244 pertransiret
1144 3158 1278 3244 quidam
1302 3156 1487 3223 Walensis³
1508 3157 1546 3222 in
1577 3157 1700 3223 vertice
1733 3162 1827 3225 stans

510 3322 594 3372 Ml
621 3322 671 3371 fM
687 3322 725 3372 uh
776 3262 876 3325 unius
897 3261 1070 3342 montium,
1094 3260 1238 3347 lapidem
1260 3262 1457 3328 dimittens*
1479 3261 1618 3350 projecit
1647 3262 1684 3326 in
1706 3263 1826 3349 ipsum,

511 3337 700 3440 stanimir
726 3337 763 3373 ew
776 3368 811 3429 et
832 3364 941 3451 ipsum
964 3364 1161 3430 conterendo
1183 3364 1357 3430 interfecit.

848 3550 1061 3618 Mandatum
1083 3550 1224 3618 domiai
1242 3575 1346 3640 papea
1369 3554 1409 3620 dc
1431 3553 1576 3621 concilio
1596 3553 1756 3639 pancrati,

821 3694 920 3760 Anno
943 3694 1066 3773 eodem,
1091 3695 1176 3760 circa
1198 3696 1342 3761 medium
1366 3670 1639 3786 Quadragesimae,
1663 3706 1828 3765 venerunt

605 3833 720 3883 received
777 3798 890 3863 nuncii
913 3798 1039 3862 domini
1061 3819 1156 3884 papae
1188 3799 1225 3863 in
1248 3799 1414 3886 Angliam,
1436 3802 1476 3866 de
1508 3803 1716 3868 convocando
1749 3825 1828 3869 con·

607 3901 647 3949 for
657 3915 673 3949 ²
682 3899 764 3951 Gene-
777 3900 852 3966 cilio
874 3900 1020 3986 generali
1034 3901 1102 3965 tale
1117 3901 1264 3988 praelatis
1279 3891 1474 3968 mandatum
1489 3906 1605 3991 papale
1620 3905 1825 3990 bajulantes:

606 3768 724 3815 mandate

607 3968 762 4017 ralcounca.
776 4002 1019 4068 “Innocentius
1051 4003 1229 4090 episcopus,
1266 4026 1381 4082 servus
1415 4029 1583 4073 servorum
1617 4008 1688 4089 Dei,
1720 4009 1827 4090 filiis,''

775 4110 833 4169 eto.
857 4127 931 4190 qnae
954 4105 989 4168 in
1011 4107 1181 4171 autentico
1204 4129 1299 4194 papae
1322 4107 1535 4174 scribuntur.⁵

782 4265 912 4273 ......-.....
929 4266 1008 4273 --.-.
1046 4267 1426 4275 -.——--—-.---—.-
1622 4272 1817 4280 .-·---..--—....

809 4340 975 4406 ¹enuncion]
988 4339 1038 4391 We
1050 4341 1143 4392 should
1157 4343 1281 4409 probably
1357 4347 1436 4410 “qna
1454 4382 1461 4396 .
1481 4384 1488 4396 .
1509 4385 1515 4397 .
1536 4345 1689 4413 scribantur]
1714 4347 1825 4400 Written

774 4420 833 4469 read
844 4418 996 4470 ὰηιιηείανί.
1324 4441 1356 4474 on
1368 4426 1443 4490 aslip
1455 4427 1485 4476 of
1498 4427 1592 4477 vellum
1609 4429 1696 4491 posted
1711 4443 1772 4478 over
1781 4430 1826 4480 the

807 4497 864 4546 ²In
887 4497 930 4547 the
953 4498 1055 4563 margin
1083 4499 1110 4556 is,
1131 4502 1218 4552 drawn
1240 4501 1279 4552 his
1324 4505 1433 4571 original
1450 4513 1512 4567 text,
1530 4507 1615 4556 which
1631 4509 1712 4567 reads,
1726 4508 1826 4572 Inspice

774 4576 858 4626 shield
868 4576 982 4637 claime,
994 4580 1120 4639 reversed,
1137 4581 1194 4642 aiz,
1205 4589 1279 4648 party
1324 4586 1349 4634 in
1361 4584 1669 4646 libroAddilcmentoram3
1685 4589 1737 4637 and
1744 4588 1770 4636 in
1782 4589 1826 4640 the

773 4673 818 4720 per
836 4655 893 4719 pale
920 4656 993 4720 gulos
1015 4659 1066 4706 and
1096 4674 1180 4720 azure,
1207 4660 1279 4713 three
1321 4665 1423 4729 margin
1448 4665 1471 4715 is
1499 4666 1588 4723 added,
1611 4664 1649 4714 vel
1672 4668 1697 4714 in
1720 4663 1826 4735 Moenia

775 4736 843 4785 lions
859 4742 976 4799 rampant
995 4752 1033 4799 or,
1051 4739 1103 4786 and
1120 4741 1277 4790 underneath
1326 4743 1445 4795 Crouicie.
1480 4745 1535 4796 The
1556 4745 1641 4811 pope's
1663 4748 1780 4797 mandate
1802 4748 1826 4798 is

774 4815 796 4863 is
807 4813 909 4863 written
925 4813 953 4863 in
968 4817 1022 4874 red,
1033 4819 1049 4845 “
1060 4815 1130 4867 Obiit
1141 4817 1278 4869 Herbertus
1322 4831 1366 4873 not
1387 4825 1414 4874 in
1440 4825 1483 4875 tho
1509 4825 1611 4874 “Liber
1632 4824 1826 4878 Additamento-

766 4891 954 4955 filius-Mada·
970 4897 996 4942 in
1014 4893 1115 4957 Waltia,
1126 4896 1194 4948 miles
1215 4907 1277 4949 elre-
1321 4904 1405 4964 rum,''
1424 4907 1471 4955 but
1489 4904 1516 4954 in
1538 4905 1567 4954 B.
1581 4904 1610 4955 C.
1634 4907 1685 4969 (ed.
1697 4905 1779 4965 Wata,
1799 4923 1825 4971 p.

775 4991 845 5033 naua,
857 4972 939 5038 lapide
950 4973 1077 5026 obrutaa.'’
1322 4985 1394 5049 656),
1405 4985 1481 5034 dated
1492 4989 1507 5013 ‘¹
1516 4984 1645 5050 Lugduni,
1657 4985 1695 5035 iii.
1704 4985 1754 5036 kal.
1762 4986 1825 5038 Feb.

807 5057 817 5085 ³
837 5051 974 5119 Walensie]
988 5054 1119 5118 Valensis,
1130 5057 1188 5109 MS.
1324 5061 1370 5129 [30
1382 5063 1467 5130 Jan.],
1478 5072 1548 5130 pont.
1560 5080 1627 5117 anno
1638 5064 1698 5116 ii⁰.”

807 5135 816 5164 ⁴
833 5134 968 5203 de’mr'uem]
982 5136 1131 5198 demettens,
1143 5137 1200 5189 MS.
