4517 6425
682 1214 730 1265 ur
752 1213 913 1264 rmore
935 1212 1037 1262 ansts
1059 1213 1214 1276 snrmor,
1236 1212 1303 1263 vra.
1326 1213 1448 1263 raam.
1520 1198 1584 1263 495

536 1396 580 1461 ad
602 1412 637 1460 la
661 1393 790 1483 equites
812 1396 1038 1479 competenter
1060 1393 1161 1477 equis,
1185 1393 1249 1457 etsi
1282 1414 1350 1458 non
1370 1392 1529 1480 pretiosis,
1552 1398 1588 1457 et
1599 1398 1667 1452 ab.
1682 1405 1754 1451 1244.

537 1498 637 1564 armis
675 1496 903 1574 communitos,
938 1500 972 1560 et
1010 1496 1160 1583 peditum
1192 1495 1378 1560 validorum
1411 1518 1479 1560 non
1515 1499 1588 1560 erat

537 1622 701 1666 numerus.
747 1598 813 1679 Qui
836 1619 950 1663 omnes
972 1621 1033 1685 pro
1065 1598 1199 1663 domino
1232 1621 1291 1664 suo
1313 1620 1389 1685 rege
1413 1599 1586 1665 Scotorum

537 1705 621 1770 mori
644 1701 884 1769 desiderabant.

686 1949 852 2018 Waleoaea
870 1947 1005 2038 pradis
1026 1947 1219 2017 intendant
1241 1957 1271 2017 et
1292 1950 1451 2039 respicis}

583 2104 832 2193 comperientes
847 2103 1024 2183 Walenses,
1041 2104 1130 2189 quod
1156 2102 1269 2191 [rex]²
1290 2126 1346 2171 eos
1369 2106 1499 2172 omittit
1514 2130 1588 2172 cum
1600 2124 1758 2178 Thewelsh

537 2209 596 2275 illo
618 2209 847 2297 potentissimo
870 2210 1018 2274 exercitu
1039 2208 1208 2294 impetere,
1231 2209 1320 2294 quod
1342 2208 1400 2274 et³
1419 2210 1482 2295 ipsi
1504 2211 1588 2275 mul·
1600 2193 1677 2326 {51⁸3
1686 2209 1726 2310 31¹

538 2318 611 2379 tum
643 2312 911 2389 formidavemnt,
938 2312 1011 2397 jam
1042 2311 1219 2377 securiores
1255 2312 1296 2377 de
1333 2313 1482 2378 latibulis
1518 2316 1587 2379 suis
1599 2329 1685 2390 rapine
1697 2331 1747 2379 ano

538 2421 705 2494 excuntes,
729 2417 835 2482 soluto
866 2416 952 2502 rogis
982 2415 1137 2495 exercitu,
1161 2415 1296 2502 rapinis,
1319 2417 1439 2502 praedis
1474 2423 1509 2482 et
1538 2395 1672 2483 in-⁸P⁰i¹·

539 2520 670 2597 cendiis,
701 2542 790 2585 more
813 2519 860 2584 eis
883 2520 1006 2599 innato,
1031 2518 1152 2583 furiose
1174 2540 1212 2583 ac
1234 2518 1411 2584 crudeliter
1433 2519 1470 2583 in
1492 2543 1586 2586 suam

539 2624 705 2714 propriam
740 2622 917 2710 perniciem
946 2622 1186 2703 intendebant3
1218 2622 1307 2686 unde
1339 2622 1422 2686 iram
1446 2625 1531 2710 regis
1554 2629 1589 2689 et

540 2727 688 2794 omniurn
711 2725 919 2815 Anglorum⁴
941 2725 978 2791 in
1001 2724 1110 2812 capita
1132 2724 1266 2812 propria
1289 2726 1542 2813 exaggerabant

743 2959 966 3026 Consecratur
988 2956 1108 3025 electus
1130 2957 1397 3026 Battoac'easie.⁵

585 3105 711 3173 Eodem
733 3109 889 3193 tempore,
905 3104 965 3171 iiio.
981 3103 1056 3170 idus
1078 3103 1293 3192 Septembris,
1313 3110 1517 3173 consecratus
1539 3111 1590 3173 est
1604 3086 1741 3220 (ἓξὲξ

538 3213 575 3277 in
606 3214 794 3300 episcopum
817 3209 1072 3277 Bathoniensem
1107 3210 1266 3299 magister
1300 3210 1455 3299 Rogerua
1479 3213 1591 3279 Seres·
1603 3237 1657 3286 tion
1669 3237 1699 3286 os

539 3315 692 3382 biriensis
714 3320 903 3403 praecentor.
951 3314 1054 3398 Cujus
1086 3315 1272 3382 redditibus
1299 3315 1370 3403 jam
1393 3317 1590 3383 vacantibus
1603 3302 1748 3422 {affirm

539 3441 615 3485 cum
637 3418 736 3483 multi
765 3417 958 3495 inbiassent,
986 3416 1147 3482 habentes
1177 3416 1405 3506 provisionum
1435 3420 1590 3507 urgentia
1603 3438 1680 3490 Both.

539 3526 714 3609 praecepta,
745 3520 844 3586 citius
881 3521 924 3585 ed
962 3519 1175 3607 praesulatum
1213 3521 1493 3607 promovebatur.⁰
1547 3523 1591 3588 In
1632 3518 1739 3571 ¹⁸N0v·

540 3623 667 3690 octavis
688 3622 779 3688 beati
803 3621 942 3688 Martini
972 3622 1207 3689 transfretavit
1231 3624 1401 3710 episcopus
1425 3624 1591 3691 Lincolni-
1604 3597 1729 3715 Ξέἔέἐζῃ

542 3728 635 3805 ensis,
659 3748 717 3814 pro
740 3749 837 3791 causa
858 3748 920 3791 sna
951 3731 1066 3791 contra
1097 3727 1269 3791 canonicos
1304 3748 1380 3792 suos
1403 3729 1590 3796 decidenda.
1605 3732 1749 3783 oleneoln

542 3833 589 3897 Et
624 3831 692 3896 cito
729 3835 812 3916 post,
845 3836 884 3896 ut
919 3835 1049 3917 partem
1086 3851 1179 3894 suam
1218 3830 1416 3911 defenderet,
1449 3832 1592 3899 decanus
1605 3801 1762 3931 ppfflme

542 3932 789 4000 lincolniensis
1605 3934 1672 3984 their
1683 3934 1754 3985 suia.

597 4167 816 4238 Corasecrotos
837 4175 885 4235 est
906 4166 1081 4256 episcopos
1103 4166 1358 4235 Loradoaieoais
1376 4166 1538 4259 Ῑθῂιῑσο]7

588 4323 653 4388 Die
686 4343 765 4388 vero
786 4322 893 4386 sancti
915 4320 1061 4385 Dionisii
1093 4325 1300 4386 consecratus
1322 4326 1373 4387 est
1403 4321 1440 4387 in
1471 4324 1592 4410 episco·
1643 4332 1727 4387 ooet.

541 4448 620 4514 pum
645 4425 910 4491 Londoniensem
934 4423 1036 4490 Fulco
1059 4424 1183 4503 Basset,
1201 4426 1344 4490 decanus
1367 4424 1591 4506 Eboracensis,
1604 4419 1741 4537 ggffiffl·

543 4534 579 4597 in
601 4530 735 4597 ecclesia
756 4529 888 4595 Sanctae
911 4527 1085 4594 Trinitatis
1109 4527 1367 4595 Londoniarum.
1605 4553 1733 4671 rpplgbp.

1605 4636 1621 4670 ο
1685 4623 1761 4672 odon.

546 4683 660 4692 ’.-
790 4682 1131 4689 —..-—-———--—-
1158 4682 1167 4691 .
1238 4683 1273 4687 ....
1299 4684 1331 4688 .-
1343 4684 1355 4688 ..
1368 4683 1390 4688 ..-
1403 4684 1524 4690 —.-,.—
1537 4685 1551 4690 ,,

579 4753 586 4783 ¹
604 4753 713 4817 rapina]
734 4751 774 4802 On
786 4765 818 4800 an
831 4765 938 4800 erasure.
1127 4753 1177 4802 ⁵111
1189 4753 1232 4803 the
1243 4752 1342 4817 margin
1353 4768 1395 4802 are
1404 4753 1593 4807 mawnamitre

577 4832 660 4896 ¹rer]
681 4830 802 4895 Supplied
826 4830 853 4879 in
883 4843 963 4895 marg.
984 4830 1045 4881 with
1092 4832 1142 4882 und
1154 4832 1254 4883 croslcr.

544 4913 696 4978 aplummet
1125 4915 1136 4941 ⁰
1152 4929 1204 4961 runs
1216 4910 1302 4962 multi.
1321 4951 1327 4962 .
1347 4950 1353 4962 .
1373 4949 1379 4962 .
1393 4915 1589 4982 promovebatur]

577 4994 587 5022 ¹
604 4990 639 5055 er]
657 4989 806 5040 Interllned.
1093 4993 1134 5044 On
1146 5008 1179 5042 un
1191 5007 1297 5043 erasure.

577 5074 586 5101 ⁴
603 5069 748 5135 duplorum]
768 5071 823 5121 ‘ibe
834 5071 883 5120 last
901 5070 1007 5134 syllable
1023 5071 1046 5122 is
1126 5075 1135 5100 '
1152 5074 1183 5122 In
1195 5074 1237 5123 the
1248 5072 1347 5138 margin
1359 5089 1401 5126 are
1419 5076 1494 5140 again
1505 5079 1592 5128 bawn

544 5168 576 5202 on
588 5167 621 5202 sn
633 5166 739 5202 erasum.
1093 5152 1193 5203 amine
1203 5153 1365 5204 andcrosier.
