4517 6425
459 1517 462 1524 .
565 1493 693 1558 quoque
714 1472 877 1558 prolixam
901 1474 1169 1558 querimonialem
1193 1471 1365 1559 epistolam
1394 1492 1453 1556 pro
1483 1489 1615 1555 oppres-

710 1198 756 1246 us
777 1197 937 1246 ruuroau
961 1196 1062 1245 arare
1085 1196 1242 1255 nuuaror,
1264 1196 1330 1246 vra.
1354 1194 1475 1245 ruurn.
1551 1180 1615 1241 503

564 1368 720 1454 magister
735 1369 920 1435 Willelmus
936 1370 1053 1446 Powio,
1069 1371 1203 1437 clericus
1218 1370 1343 1436 domini
1360 1368 1455 1454 regis.
1497 1362 1616 1428 Franci
1628 1368 1696 1421 AD.
1711 1375 1783 1421 124⁵.

1627 1449 1756 1528 Letterof

565 1574 721 1656 sionibus,
744 1576 864 1661 quibus
897 1598 956 1662 per
987 1576 1220 1661 Transalpinos
1255 1578 1448 1662 gravantur,
1472 1571 1515 1636 ad
1538 1592 1614 1635 eon·
1627 1517 1765 1634 iiim

565 1676 676 1743 cilium
711 1678 862 1756 mittunt,
887 1700 960 1763 quae
993 1678 1083 1757 alibi,
1107 1682 1242 1765 propter
1272 1675 1501 1763 prolixitatem
1535 1672 1613 1757 ejus,
1627 1650 1737 1767 {effoeta

565 1780 730 1861 scribitur,
753 1781 795 1845 ad
818 1780 887 1845 tale
910 1781 1045 1866 signum
1070 1778 1194 1974 ΧΞΧ]
1627 1783 1773 1913 Ioppppirat

646 2057 749 2124 Falco
770 2055 1034 2143 filius-Warioi
1063 2053 1219 2120 mittitur
1241 2052 1289 2118 cot
1318 2052 1527 2138 magristrum

989 2157 1199 2224 Martinam.

611 2289 688 2355 Hiis
719 2311 848 2376 quoque
882 2288 1007 2363 diebus,
1039 2286 1196 2351 videlicet
1227 2285 1263 2348 in
1295 2284 1439 2349 crastino
1472 2283 1616 2369 [aposto-
1646 2298 1765 2349 aoJune.

564 2390 712 2476 lorum]²
727 2391 819 2456 Petri
841 2395 875 2456 et
897 2389 1001 2467 Pauli,
1017 2393 1193 2475 postquam
1216 2386 1367 2473 quaedam
1389 2389 1617 2450 torneamenta
1628 2378 1776 2494 ἓξὲξ·

565 2494 663 2580 plena
684 2494 812 2560 occulto
843 2494 918 2560 odio
942 2514 999 2579 per
1021 2493 1193 2559 dominum
1215 2511 1325 2576 regem
1347 2487 1617 2575 prohibebantur,
1628 2519 1684 2561 sent
1695 2520 1721 2560 to

566 2601 664 2683 capta
685 2597 774 2683 apud
797 2596 985 2672 Loitunam,
1006 2595 1143 2659 missus.
1161 2598 1212 2657 est
1246 2592 1349 2656 Fulco
1382 2577 1773 2703 filius-ll⁷⁰›fifli{¹}{,¹{{‚⁸¹‡,

566 2722 609 2765 ex
641 2706 736 2787 parte
766 2698 995 2765 universitatis
1029 2697 1130 2785 regni,
1167 2695 1392 2761 consentiente
1423 2693 1482 2760 sed
1513 2692 1616 2757 tacite
1628 2713 1702 2760 order
1711 2711 1766 2760 him

566 2802 638 2889 ipso
660 2825 745 2890 rege,
759 2803 803 2868 ad
825 2802 1021 2888 magistrum
1044 2800 1228 2865 Martinam
1251 2798 1340 2885 apud
1363 2797 1498 2862 Novum
1521 2778 1787 2909 Tem-ffiffif‘

566 2906 657 2992 plum
680 2905 860 2971 Londoniis
882 2907 1147 2970 commorantem.
1195 2902 1260 2983 Qui
1292 2906 1389 2967 torvo
1411 2900 1510 2966 vultu
1541 2920 1617 2964 eum

566 3007 750 3094 respiciens,
772 3009 819 3073 sic
841 3008 950 3093 ipsum
972 3007 1094 3072 affatus
1117 3010 1178 3086 est,
1202 3011 1220 3039 “
1235 3004 1403 3070 Recedens
1425 3004 1540 3068 statim
1563 3001 1618 3066 exi

566 3110 609 3175 ab
632 3110 781 3197 Anglia''
827 3110 890 3176 cui
913 3109 1087 3188 Martinus,
1113 3108 1227 3188 “Quis
1260 3108 1342 3172 mihi
1365 3108 1426 3172 hoo
1459 3106 1618 3172 mandati

567 3236 611 3280 an
633 3221 672 3279 tu
694 3237 737 3280 ex
758 3219 794 3279 te
813 3214 885 3299 ipso
907 3213 969 3278 hoo
990 3210 1141 3278 habest”
1187 3211 1249 3278 Oui
1282 3211 1393 3292 Fulco,
1416 3210 1520 3276 “Hoc
1553 3208 1617 3274 tibi

567 3338 626 3403 per
648 3339 701 3382 me
722 3316 860 3382 mandat
881 3321 1187 3400 armatorumque)
1202 3336 1309 3402 nuper
1331 3314 1419 3400 apud
1443 3312 1618 3378 Loitonam

568 3420 730 3505 apperuit,
764 3418 983 3496 universitss;
1016 3423 1051 3482 et
1084 3418 1113 3482 si
1144 3438 1224 3482 sano
1256 3417 1362 3482 credis
1393 3415 1538 3496 consilio,
1576 3435 1618 3478 ne

567 3523 704 3588 moreris
726 3541 829 3607 usque
851 3521 888 3584 in
910 3520 1049 3584 tertium
1072 3519 1169 3596 diem,
1191 3541 1233 3584 ne
1256 3524 1295 3583 tu
1317 3523 1353 3583 et
1375 3540 1486 3583 omnes
1508 3517 1561 3581 tui
1583 3517 1619 3580 in
1668 3507 1672 3516 ⁸

568 3624 674 3689 frusta
697 3620 905 3689 concideris.'’
951 3623 997 3686 Et
1019 3645 1054 3687 re
1076 3644 1165 3698 vera,
1178 3622 1241 3714 yix
1260 3644 1297 3687 se
1319 3621 1486 3686 continuit
1509 3619 1620 3696 Fulco,

568 3729 648 3813 quin
669 3728 706 3791 in
726 3727 834 3813 ipsum
858 3730 892 3790 et
914 3746 1027 3789 omnes
1050 3745 1125 3789 suos
1141 3724 1346 3789 truculenter
1360 3723 1519 3802 irruisset,
1534 3723 1619 3787 sicut

568 3852 654 3919 saepe
680 3835 795 3917 postea
811 3829 929 3914 jurans
959 3832 1164 3914 protestatus
1194 3832 1246 3893 est
1258 3853 1266 3906 ;
1289 3826 1347 3891 sed
1377 3832 1411 3892 et
1441 3830 1556 3914 postea
1578 3826 1618 3890 de

569 3935 743 4000 omissione
766 3938 800 3998 et
822 3930 1105 4019 pusillanimitate,
1123 3930 1202 3995 licet
1224 3929 1368 3995 multum
1391 3952 1425 3994 se
1449 3929 1619 3994 humilias-

569 4047 627 4118 set,
642 4037 809 4103 doluisse?
848 4035 1034 4100 Recedento
1057 4039 1169 4098 autem
1194 4033 1347 4113 Fulcone,
1364 4033 1531 4098 Martinus
1553 4038 1618 4099 tre-

568 4144 667 4230 pidus
689 4148 723 4206 et
745 4134 907 4205 anhelus⁴
930 4148 1039 4223 regem
1062 4136 1156 4216 adiit,
1180 4141 1214 4201 et
1241 4158 1315 4201 cum
1346 4137 1416 4201 haec
1438 4138 1508 4224 regi
1537 4138 1617 4202 reci-

582 4281 784 4290 ———-
801 4281 844 4287 .—

606 4342 613 4372 ¹
629 4338 725 4388 Franci
740 4374 747 4386 .
766 4374 773 4388 .
790 4373 797 4388 .
814 4335 922 4401 omnum]
940 4334 1032 4385 Added
1044 4333 1070 4382 in
1150 4335 1160 4364 ²
1176 4331 1348 4399 apostolorum]
1370 4333 1489 4398 Supplied
1507 4335 1572 4384 stom
1587 4335 1618 4384 B.

570 4435 649 4484 marg.
684 4417 726 4467 No
737 4417 851 4467 mention
868 4415 898 4464 of
910 4414 962 4464 this
979 4413 1071 4477 impor·
1118 4414 1147 4463 C.
1159 4414 1189 4462 E.

570 4507 625 4550 unt
635 4498 708 4548 letter
722 4495 835 4546 issound
848 4494 876 4543 in
888 4494 919 4543 B.
934 4493 973 4552 0.,
989 4494 1035 4542 but
1050 4492 1072 4541 it

569 4577 714 4628 isreferred
725 4583 752 4625 to
768 4575 822 4624 also
842 4573 920 4631 inlr,
937 4572 1072 4622 audisis-
1150 4533 1219 4595 ’ω’
1237 4532 1281 4584 “d
1297 4570 1304 4586 '
1323 4571 1329 4584 '
1345 4567 1353 4584 ⁶
1371 4531 1487 4597 mim]
1508 4531 1618 4582 πήρη

570 4659 653 4709 md
672 4656 700 4705 in
717 4654 759 4705 the
784 4653 886 4706 “Liber
903 4651 1072 4702 Addimen·
1117 4616 1202 4680 partly
1212 4614 1464 4673 ouanerssure,and
1473 4612 1619 4675 partlyona

570 4735 679 4796 mmm,
697 4735 754 4786 MS·
775 4734 841 4783 con·
853 4731 922 4782 Nem
940 4731 974 4780 D.
986 4730 1008 4780 L
1028 4730 1071 4780 sol·
1118 4696 1166 4759 slip
1177 4695 1208 4745 of
1215 4695 1309 4746 vellum
1320 4693 1408 4757 pasted
1416 4705 1477 4741 over
1487 4690 1531 4741 the
1542 4690 1619 4755 origi-

573 4824 629 4878 125,
651 4817 697 4867 but
713 4814 817 4866 omitted
835 4821 861 4863 ω
877 4813 909 4863 be
920 4811 1021 4875 prim
1036 4810 1071 4873 by
1118 4775 1161 4824 nal
1173 4782 1234 4864 text,
1252 4773 1296 4823 the
1316 4773 1378 4835 only
1394 4770 1523 4861 wordsot
1535 4769 1619 4820 which

571 4899 653 4949 Wsts.
686 4894 809 4946 Matthev
825 4892 899 4943 Puris
914 4891 1028 4942 remarks
1038 4904 1071 4939 on
1118 4854 1335 4918 ¹¹⁰'less'blwe’
1386 4849 1562 4940 ·df⁰{'¹¹⁸⁸w”⁶
1573 4889 1579 4900 .
1593 4889 1617 4902 ··

572 4978 600 5039 it,
608 4980 624 5004 o
633 4976 688 5025 Ηεθ
701 4975 750 5040 [350
757 4990 806 5038 m
816 4970 968 5037 1133]ssoeoe
979 4969 1072 5020 multo,
1118 4950 1168 4983 mor
1179 4941 1257 4982 tomen
1268 4930 1298 4980 dc
1305 4927 1509 4994 postllammuare
1527 4968 1533 4981 .
1552 4968 1557 4980 .
1578 4968 1583 4978 .

570 5063 713 5114 moverunt,
736 5055 780 5104 sed
801 5051 937 5103 commotio
958 5051 1071 5100 nondum
1152 5045 1292 5110 *othelm
1305 5044 1417 5105 basolus,
1429 5044 1486 5096 MS.

572 5131 880 5203 pervenitadeffeetumJ
