4517 6425
653 1160 717 1225 296
777 1171 941 1224 murrum
965 1170 1180 1222 marsrmsrs
1202 1168 1367 1223 msroars
1389 1169 1591 1221 maronam.

486 1472 556 1526 nl).
574 1474 645 1523 1227.
911 1455 1087 1524 Habeam
1112 1478 1218 1525 comae
1233 1457 1280 1543 stt
1307 1454 1451 1525 oacrio.

487 1566 629 1700 1131le
703 1621 776 1701 Quo
798 1619 900 1686 etiam
922 1641 1018 1698 anno,
1041 1641 1146 1685 nonas
1168 1616 1351 1698 Februarii,
1375 1617 1558 1693 Hubertus,
1572 1611 1706 1702 Angliae
1718 1620 1879 1700 Regnent

487 1716 590 1833 {iffi
651 1724 864 1811 judiciarii&
891 1721 1002 1809 gladio
1035 1721 1202 1787 accinctus
1235 1725 1286 1785 est
1308 1743 1329 1785 a
1349 1740 1425 1807 rege
1448 1718 1577 1785 Cantiae
1608 1717 1707 1783 comi.
1746 1703 1782 1740 Π·
1797 1694 1853 1741 ¹⁴¹·

488 1850 542 1899 eorl
553 1850 584 1899 ol
657 1832 757 1893 laius·

488 1916 566 1969 Kena

802 2104 852 2170 Dc
875 2102 1029 2192 padam
1054 2122 1185 2188 crayae
1211 2101 1312 2188 repat
1336 2101 1564 2171 ccmawtionc.

514 2286 612 2353 curly.
702 2266 862 2353 Tempore
885 2284 1015 2350 quoque
1032 2260 1095 2327 sub
1110 2263 1235 2342 ecdem,
1252 2262 1323 2329 vii0.
1346 2262 1422 2328 idus
1443 2263 1537 2341 Julii,
1562 2266 1635 2329 orta
1657 2268 1880 2338 essaenos.

488 2376 600 2427 Discord
658 2368 840 2457 periculosa
868 2364 987 2432 nimis¹
1012 2365 1174 2431 discordia
1203 2365 1291 2430 inter
1317 2387 1428 2451 regem
1459 2365 1643 2452 Anglorum
1674 2373 1729 2432 et.

487 2445 608 2575 ihm}
658 2472 793 2538 fratrem
811 2470 883 2556 ejus
901 2469 1090 2546 Ricardum,
1112 2467 1289 2534 Cornubiae
1304 2468 1468 2547 comitem,
1492 2467 1730 2554 proquodam

1748 2339 1781 2391 iv.
1796 2346 1851 2391 141.

488 2577 610 2695 fficclffi
659 2574 814 2652 manerio,
836 2573 925 2660 quod
939 2594 1000 2637 rex
1020 2570 1158 2637 dederat
1174 2570 1372 2636 Waleranno
1399 2570 1612 2650 Theutonicc,
1629 2576 1709 2636 tunc

657 2677 834 2743 castellano
850 2673 1141 2751 Berehamstudiae,
1156 2674 1199 2738 ad
1216 2672 1401 2740 'Cornubiac
1423 2672 1592 2761 pertinens
1611 2673 1730 2738 comi--

489 2765 589 2869 Many'
657 2783 776 2844 tatum.
832 2777 915 2857 Quae
945 2775 1107 2841 discordia
1137 2776 1173 2839 in
1206 2781 1339 2841 tantum
1372 2778 1527 2853 exerevit,
1549 2782 1589 2841 ut
1621 2765 1753 2862 partis

488 2872 581 2921 '’W''
588 2870 646 2922 ¹⁸¹⁰
658 2882 787 2947 comitis
809 2879 980 2944 adhaerent
1002 2882 1174 2965 magnates
1195 2876 1354 2963 plurimi⁹
1376 2880 1530 2944 commoti
1551 2901 1620 2944 non
1641 2902 1729 2945 me··
1744 2884 1879 2963 ltwend

488 2937 640 3055 llllffidos
657 2984 822 3063 dicenter,
846 2987 882 3046 et
904 2980 1161 3047 convenientes³
1175 2981 1266 3066 apud
1281 2980 1438 3046 Stanlcrd
1462 3004 1537 3047 cum
1558 2983 1652 3068 equis
1673 2988 1708 3047 et
1753 2968 1788 3007 rv.
1803 2960 1860 3005 ¹⁴³·

655 3087 765 3163 armis,
797 3084 1002 3171 Renulphus,
1024 3104 1131 3148 comes
1167 3082 1358 3161 Oestrensis,
1390 3105 1497 3149 comes
1521 3084 1708 3151 Willelmus

656 3187 876 3268 Marescallus,
907 3207 1014 3253 comes
1045 3185 1215 3265 Ricardus,
1248 3185 1350 3251 frater
1373 3188 1469 3274 regis,
1492 3209 1598 3254 comes
1633 3186 1709 3254 Glo-

653 3292 778 3357 verniae
803 3290 1002 3366 Gilebertus,
1025 3310 1134 3354 comes
1161 3289 1352 3355 Waranniae
1378 3289 1573 3372 Willelmus,
1602 3313 1709 3356 eomes

659 3392 865 3460 Herefcrdiae
896 3390 1069 3470 Henricus,
1104 3412 1213 3456 comes
1246 3391 1288 3456 de
1320 3391 1482 3458 Ferrariis
1516 3393 1711 3471 Willelmus,

658 3517 765 3562 comes
789 3493 1042 3560 Warewicensis
1065 3493 1262 3572 Willelmus,
1285 3515 1360 3558 cum
1386 3494 1566 3561 baronibus
1598 3495 1710 3561 multis

659 3604 695 3665 ct
727 3596 858 3684 ingenti
892 3595 1108 3661 multitudine
1141 3602 1355 3677 armatorum,
1388 3597 1611 3683 significantes
1641 3599 1711 3686 regi

660 3722 734 3766 cum
766 3699 867 3764 minis
900 3699 1090 3784 ampulcsis‚
1123 3704 1163 3763 ut
1197 3699 1354 3784 injuriam
1376 3698 1473 3764 fratri
1495 3722 1554 3765 suc
1583 3701 1730 3765 illatam.

661 3802 832 3868 confestim
856 3801 1054 3867 emendaret.
1101 3800 1205 3886 Cujus
1227 3801 1275 3866 rei
1297 3801 1428 3888 culpam
1443 3801 1628 3887 justiciario
1650 3803 1712 3867 im·

493 3913 622 3980 Theydc
661 3908 800 3991 ponunt.
846 3902 1058 3968 Addiderunt
1091 3902 1233 3989 insuper,
1268 3909 1309 3968 ut
1345 3909 1461 3983 cartas,
1492 3926 1574 3989 quas
1607 3926 1727 3991 nuper.

492 3981 635 4098 ζξζέξῃ
662 4003 815 4072 consilio⁴
830 4005 975 4090 ejusdem
992 4004 1172 4090 justiciarii
1193 4005 1282 4091 apud
1299 4004 1464 4070 Oxcniam
1486 4028 1530 4071 ex
1549 4006 1730 4094 abruptcl.

495 4107 909 4187 ortheem-cancelluverae
932 4106 972 4171 de
995 4105 1206 4171 libertatibus
1229 4106 1369 4184 forestae,
1393 4108 1458 4173 sibi
1479 4109 1602 4194 absque
1629 4110 1711 4173 dila·

495 4180 587 4298 Ἥ
600 4179 642 4230 the
660 4209 752 4275 tione
775 4208 934 4274 restituat
954 4208 1136 4295 sigillatas3
1158 4209 1211 4274 sin
1226 4214 1347 4288 autem,
1363 4210 1428 4296 ipsi
1451 4209 1710 4277 discurrentibus

494 4312 612 4366 liberum
660 4310 779 4399 gladiis
811 4310 1052 4397 compellerent,
1074 4315 1114 4376 ut
1145 4310 1209 4376 sibi
1231 4334 1329 4398 super
1359 4312 1425 4378 hiis
1455 4312 1710 4400 [satisfaceret]⁶

660 4418 891 4501 competenter.
945 4411 1020 4478 Rex
1050 4411 1163 4499 igitur,
1187 4414 1244 4500 qui
1266 4413 1402 4481 fratrem
1432 4416 1551 4481 merito
1582 4416 1730 4498 dilexit„

694 4661 851 4732 ¹pm'culcsa
861 4663 946 4728 sinu]
961 4662 1002 4713 0n
1011 4676 1044 4713 an
1054 4677 1163 4713 erasure.
1244 4662 1375 4730 ‘mmilffl
1395 4665 1436 4717 On
1451 4681 1484 4716 an
1496 4682 1603 4726 erasure,
1615 4670 1664 4718 and
1675 4682 1714 4719 re·

694 4748 839 4811 'nuquam
862 4740 977 4809 plorem]
1013 4741 1106 4792 Added
1135 4742 1164 4793 in
1209 4746 1299 4809 posted
1311 4745 1338 4794 in
1348 4760 1430 4811 marg.

662 4841 742 4891 marg.
1244 4823 1421 4891 ἀαόπιρω]
1434 4825 1528 4876 Added
1536 4827 1620 4891 partly
1630 4826 1658 4875 in
1669 4826 1713 4876 the

694 4901 892 4968 ’mrmknmJ
918 4901 968 4952 We
990 4899 1081 4950 should
1103 4903 1165 4952 read
1210 4903 1309 4969 margin
1321 4905 1370 4954 and
1380 4905 1465 4970 partly
1476 4920 1509 4955 on
1520 4920 1553 4955 an
1565 4920 1671 4956 erasure.

661 4989 829 5043 mammas,
839 4997 868 5032 as
878 4979 958 5031 inW.
970 4980 1002 5030 B.
1015 4979 1053 5040 C„
1064 4994 1094 5029 cr
1104 4980 1166 5044 else,
1244 4984 1432 5049 'cumjacereq
1451 4984 1571 5050 Supplied
1587 4985 1652 5035 stom
1669 4983 1711 5034 W.

662 5069 759 5120 instead
775 5066 806 5116 cf
821 5066 984 5131 rioaaficoater
999 5063 1087 5127 below,
1104 5065 1164 5116 read
1211 5061 1242 5112 B.
1255 5061 1284 5114 Ο.

662 5147 868 5216 significaverunt.
