4517 6425
610 1143 654 1211 72
736 1153 901 1203 narrum
924 1152 1138 1202 ramsmrsrs
1161 1150 1327 1201 msroma
1347 1150 1548 1200 aserenon.

445 1341 515 1391 Al).
531 1343 601 1388 1198.
612 1325 699 1411 cepit
721 1347 762 1389 ex
785 1324 831 1389 cis
854 1348 909 1389 xx.
932 1324 1056 1390 milites
1078 1325 1278 1411 praeelectae,
1300 1324 1360 1410 qui
1374 1324 1432 1389 vix
1454 1325 1568 1409 fugere
1590 1321 1683 1406 dig-.

613 1428 787 1507 nubantur,
829 1429 918 1494 unde
948 1428 1060 1495 ultimi
1082 1429 1218 1495 fuerunt
1249 1428 1286 1492 in
1312 1429 1400 1514 fuga,
1424 1432 1459 1493 ct
1481 1426 1683 1492 servientes.

613 1531 788 1618 plusquam
810 1530 855 1595 lx.

827 1749 921 1817 Obiit
942 1748 1218 1817 Loadoaicasie¹
1244 1748 1471 1839 [menime

451 1833 534 1883 Death
545 1833 576 1882 of

449 1900 568 1959 menard,
661 1902 785 1966 Eodem
817 1906 962 1989 tempore
995 1901 1164 1980 Ricardus,
1188 1898 1448 1967 Londoniensis¹
1483 1899 1665 1987 episcopus,
1675 1902 1833 1983 Itoawena

449 1967 565 2084 iffi,
618 2009 745 2070 naturae
768 2004 880 2070 debita
903 2004 1071 2091 persolvit,
1095 2005 1168 2071 iiii0.
1191 2004 1266 2070 idus
1289 2002 1500 2092 Septembris.
1700 1986 1738 2023 ¹¹¹⁹
1754 1978 1808 2023 ¹³¹¹

472 2122 502 2167 10
515 2117 583 2182 Sept.

810 2243 859 2310 De
881 2242 1035 2330 quodum
1057 2244 1146 2331 reaia
1167 2243 1317 2312 Ricardl
1340 2243 1489 2311 victoria.

451 2412 564 2463 nichao
662 2390 758 2457 Circa
780 2390 839 2457 hos
862 2392 1003 2479 denique
1027 2393 1097 2459 dics
1130 2416 1190 2459 rex
1220 2393 1388 2471 Ricardus,
1413 2391 1565 2458 omnibus
1588 2388 1836 2481 viri-Rogana

451 2480 578 2609 §ilelffihe
617 2492 679 2557 bus
702 2495 917 2581 congregatis,
941 2497 1028 2582 cepit
1050 2517 1109 2582 per
1131 2496 1293 2563 insultum
1327 2496 1394 2561 tria
1415 2495 1549 2562 castella
1570 2514 1669 2579 super
1703 2486 1739 2521 ¹¹¹·
1755 2477 1810 2522 ¹³⁰·

451 2614 725 2684 overl’hiliprcgem
759 2598 968 2676 lr'rancorum,
993 2599 1260 2665 Sircsfontanum
1283 2599 1449 2678 videlicet,
1473 2593 1613 2673 Burtiz,³
1635 2600 1670 2660 et

451 2682 585 2732 ¹¹⁶¹⁸⁰¹¹
617 2706 760 2764 castrum
784 2700 824 2765 do
846 2701 1005 2767 Curcelea
1053 2702 1126 2767 Rex
1149 2708 1262 2768 autem
1286 2703 1486 2767 Francorum
1510 2723 1584 2765 cum
1607 2698 1670 2762 mi·

616 2802 733 2867 litibus
756 2803 1008 2890 quadringentis
1031 2810 1067 2869 ct
1089 2805 1311 2871 servientibus
1334 2806 1440 2869 multo
1463 2802 1613 2890 pluribus
1636 2807 1670 2865 et

618 2904 771 2970 omnibus
793 2906 999 2971 communis⁴
1021 2908 1089 2972 suis
1112 2908 1154 2972 de
1179 2908 1320 2973 Mantua
1352 2908 1474 2983 exiens,
1503 2905 1670 2993 profectus

618 3007 736 3073 estad
759 3009 1014 3074 succurrendum
1037 3015 1144 3076 castro
1171 3012 1212 3076 de
1228 3010 1387 3090 Curceles,
1411 3009 1499 3097 quod
1521 3008 1669 3073 nondum
1681 3023 1842 3102 negavero.

618 3111 758 3176 credidit
788 3134 856 3178 esse
888 3117 1027 3199 captum.
1076 3112 1173 3193 Quod
1206 3136 1280 3179 cum
1302 3114 1448 3179 audisset
1477 3135 1536 3200 per
1557 3111 1670 3197 explo-
1704 3106 1741 3141 ¹¹¹·
1755 3097 1808 3143 ¹³¹

617 3219 741 3280 ratores
763 3237 839 3280 suos
862 3238 921 3280 rex
944 3214 1113 3297 niardus,
1131 3218 1224 3282 venit
1248 3239 1289 3282 ex
1312 3217 1450 3284 adverso
1474 3217 1504 3282 ei
1528 3215 1670 3291 obviam,

619 3322 654 3383 ot
676 3318 764 3382 inter
780 3318 931 3384 Curceles
947 3324 981 3385 et
1005 3319 1191 3385 Gisoreium
1215 3327 1396 3408 campestre
1412 3342 1487 3386 eum
1502 3318 1560 3384 illo
1583 3340 1670 3406 prce·

619 3421 700 3485 lium
723 3422 896 3487 commisit
943 3421 985 3486 In
1018 3421 1081 3488 hoc
1106 3428 1219 3489 autem
1243 3446 1417 3512 congressu
1441 3446 1501 3489 rex
1525 3423 1670 3487 Franco-

617 3545 700 3600 rum,
722 3525 851 3611 pondus
875 3524 985 3612 proelii
999 3524 1085 3591 ferre
1107 3548 1177 3591 non
1199 3528 1325 3609 valere,
1348 3531 1479 3594 coactus
1503 3548 1577 3592 cum
1602 3525 1670 3591 suis

619 3628 662 3692 ad
685 3627 869 3693 Gisorcium
901 3628 1025 3693 scilicet
1059 3630 1230 3694 analium
1263 3632 1402 3718 aufugit.
1448 3631 1494 3695 Et
1519 3651 1595 3694 oum
1617 3629 1670 3691 su-

454 3749 539 3814 Philip
550 3751 607 3801 salla
617 3730 738 3815 giendo
782 3736 917 3816 pontem
950 3730 1088 3796 Gisorcii
1127 3733 1353 3799 ascendissent
1384 3734 1558 3820 fugientes,
1593 3752 1668 3795 eon-

452 3818 742 3949 {lfss‘grtssmc'fractns
766 3839 816 3898 est
838 3855 920 3920 pons
935 3854 1004 3919 pren
1027 3835 1244 3900 multitudine
1267 3836 1520 3915 transeuntium,
1544 3838 1580 3899 et
1601 3833 1670 3918 ipse

453 3951 536 3999 andis
619 3957 680 3999 rex
701 3957 774 4000 cum
798 3957 881 4021 equo
912 3942 946 4001 et
977 3937 1077 4000 annis
1106 3938 1225 4002 cecidit
1258 3938 1295 4002 in
1328 3937 1452 4002 fiumen
1484 3938 1525 4001 de
1555 3936 1670 4011 Eethe,

453 4017 602 4150 ffiufgfh
620 4060 694 4102 cum
721 4036 796 4102 aliis
830 4038 1012 4103 innumeris
1042 4038 1083 4102 de
1116 4061 1219 4126 regno
1252 4040 1462 4106 Francorum.
1509 4038 1580 4104 Ubi
1611 4059 1671 4101 rex

620 4139 746 4227 ipsein
769 4162 863 4206 coeno
880 4140 993 4226 jacens
1016 4141 1190 4207 volutatus
1212 4142 1387 4208 ridiculose
1413 4165 1451 4207 ae
1483 4141 1690 4229 periculose,'

619 4267 641 4308 a
678 4244 792 4309 mortis
830 4243 1019 4309 discrimine
1051 4244 1113 4309 vix
1151 4249 1202 4310 est
1224 4250 1375 4333 ereptus3
1410 4244 1511 4332 quia⁶
1545 4245 1672 4310 interea

619 4346 705 4412 acics
727 4344 880 4433 quaedam
910 4347 952 4412 de
984 4346 1196 4434 Francigenis
1229 4348 1434 4426 electissima,
1457 4354 1497 4414 ut
1520 4348 1673 4413 dominus

620 4472 731 4516 eorum
766 4472 825 4537 per
854 4450 968 4538 sugam
1001 4449 1135 4515 liberius
1169 4450 1233 4516 sibi
1255 4452 1448 4530 consuleret,
1478 4454 1601 4518 reversi
1632 4453 1673 4516 de

655 4706 660 4735 ¹
671 4701 859 4765 bandonariis]
929 4700 1123 4766 lincolniensis,
1167 4703 1269 4765 Burriz,
1280 4702 1322 4754 W.
1335 4703 1367 4754 B.
1380 4703 1409 4764 1,
1419 4703 1543 4766 andDic.,
1556 4704 1602 4754 col.
1617 4707 1673 4765 504,

620 4799 789 4862 asanaa
806 4799 836 4849 r.
856 4799 886 4850 n.
920 4800 991 4852 corr.
1004 4799 1122 4851 nomw.
1144 4854 1146 4873 Ι
1169 4783 1266 4834 Hored·
1279 4799 1304 4848 r·
1318 4787 1374 4834 ⁷⁸2·

620 4892 651 4942 B¹
665 4894 695 4944 C·
1201 4864 1362 4930 ⁴commania]
1382 4864 1416 4916 So
1434 4865 1460 4914 in
1481 4864 1516 4913 all
1533 4864 1576 4914 the
1588 4863 1673 4923 MSS„

1168 4944 1213 4994 but
1230 4945 1357 4995 corrected
1374 4944 1534 4995 veramundus
1557 4944 1584 4993 in
1608 4944 1672 4995 Edd.

653 5009 815 5076 aeciaconus]
834 5009 954 5075 Supplici
965 5009 1030 5060 from
1041 5009 1072 5062 F·
1168 5024 1268 5074 audeo.
1281 5023 1374 5073 uuna

653 5104 781 5169 ³Bartir]
801 5105 836 5155 So
857 5104 885 5156 C.
899 5124 907 5166 ς
923 5102 998 5166 Buzi,
1014 5105 1061 5166 E.;
1078 5106 1124 5155 but
1144 5126 1147 5165 3
1201 5103 1295 5170 'quiid
1314 5105 1365 5166 sed,
1377 5104 1419 5156 W.
1430 5104 1461 5155 B.
1475 5105 1503 5156 C.
