4517 6425
697 1168 764 1233 420
823 1178 988 1231 ulmum
1010 1172 1225 1229 mmsmusm
1246 1167 1411 1225 meroem
1430 1164 1630 1220 suetonum

535 1456 604 1509 nn.
618 1438 857 1545 irrumpitur
882 1435 1071 1507 willermo
1092 1434 1133 1503 dc
1155 1432 1242 1501 Role
1256 1431 1306 1571 lio
1328 1430 1522 1521 episcopusin
1547 1422 1743 1493 Norroicerr·

1178 1556 1254 1604 seru

534 1711 693 1765 nleefionor
743 1692 902 1778 Tempore
923 1711 1001 1756 vero
1023 1688 1085 1754 sub
1111 1687 1226 1753 eodem
1248 1682 1402 1750 monachi
1422 1680 1667 1749 Noruuicenses
1686 1696 1744 1742 ne-

533 1779 607 1896 ffil}
618 1779 664 1895 deb
699 1794 846 1872 scientes,
860 1792 914 1857 vel
928 1814 963 1858 se
977 1790 1059 1858 scire
1073 1791 1136 1857 hoc
1157 1810 1232 1855 cum
1246 1785 1475 1854 conniventic²
1490 1780 1744 1861 dissimulantes,

534 1861 638 1964 ostoli
664 1860 789 1984 Ρ”(1ιιο(1
809 1894 995 1962 Willelmns
1026 1893 1148 1960 electus
1176 1890 1293 1958 fuisset
1317 1890 1355 1955 in
1385 1890 1571 1976 episcopum
1594 1884 1745 1952 Oestren-

534 1977 609 2031 '¹⁰¹⁵
699 2021 777 2081 sem,
799 1999 909 2086 ipsum
923 1997 1064 2063 eundem
1078 1994 1283 2062 Willelmum
1299 1993 1337 2058 in
1351 1992 1540 2080 episcopum
1554 1987 1589 2054 N
1590 1988 1746 2053 orwicen·

699 2124 768 2168 sem
783 2101 960 2188 elegerunt
997 2096 1183 2166 Willelmus
1205 2103 1316 2162 eutem
1331 2095 1456 2161 mulene
1470 2113 1602 2158 manere
1622 2090 1661 2154 in
1675 2088 1745 2152 An-

699 2205 776 2293 gria,
798 2226 898 2290 quem
919 2205 956 2269 in
981 2202 1187 2271 contermino
1210 2198 1351 2281 wollino,
1374 2195 1576 2286 episcopatui
1604 2190 1746 2259 adhaesit

699 2307 854 2375 uberiori.

886 2551 1059 2620 Rotorata
1082 2556 1129 2619 ort
1151 2549 1261 2619 temris
1283 2548 1560 2619 Lorrdooioruoc

535 2718 691 2771 mererer
746 2701 834 2792 Ipsis
855 2723 986 2790 quoque
1008 2701 1125 2769 diebus
1147 2700 1233 2768 rex⁸
1263 2723 1333 2768 non
1361 2701 1526 2768 modicum
1556 2699 1745 2765 thesaurum

534 2787 684 2906 ssfss‘ffi
700 2806 850 2895 profudit
870 2809 905 2871 et
920 2805 1075 2892 exposuit
1096 2806 1135 2870 in
1149 2828 1283 2889 vanum,
1297 2803 1481 2871 roborando
1503 2807 1538 2871 et
1556 2800 1747 2890 ampliando

700 2910 820 2976 tmrim
842 2907 1114 2991 Iaondoniarum3
1136 2908 1256 2975 falsum
1278 2908 1368 2975 enim
1390 2908 1656 2985 fundamentum,
1678 2925 1747 2969 om-

700 3034 777 3079 nem
809 3011 876 3078 cito
909 3017 1024 3100 posteo
1055 3016 1255 3079 structuram
1289 3010 1515 3092 concutiendo,
1547 3013 1588 3076 ut
1621 3008 1750 3075 dicetur

700 3113 738 3181 sn
759 3119 936 3204 posterum,
960 3113 1180 3184 nomene.

815 3369 1147 3440 rememorentur
1168 3369 1356 3460 tropmotor
1377 3371 1629 3462 Hecttericoss}

535 3551 691 3602 Excommu-
746 3531 871 3599 Eodem
903 3555 999 3614 anno,
1025 3556 1100 3600 cum
1130 3535 1327 3601 multotiens
1356 3535 1558 3601 ammonitus
1588 3534 1748 3603 noluisset

533 3619 688 3736 ffiffi'mf
702 3656 827 3701 errores
849 3658 926 3702 suos
952 3634 1133 3724 imperator
1155 3636 1365 3704 Frethericus
1396 3638 1564 3725 corrigere,
1595 3638 1748 3704 dominus

533 3766 614 3816 petor.
702 3760 797 3827 papa,
815 3761 891 3805 cum
913 3739 1029 3805 multis
1051 3739 1273 3806 cardinalibus
1295 3745 1376 3806 tunc
1389 3740 1617 3828 praesentibus,
1632 3741 1670 3806 in
1684 3741 1750 3829 spi-

702 3841 773 3908 ritu
794 3840 999 3907 amarissimo
1021 3842 1182 3910 ferventis
1205 3843 1383 3911 iracundiae
1405 3844 1546 3910 eundem
1569 3826 1749 3931 F[1etheri-

702 3942 792 4030 cum]
824 3945 1057 4033 imperatorem
1088 3945 1315 4033 sollempniter
1337 3968 1376 4011 eo
1398 3946 1591 4012 terribiliter
1620 3968 1750 4013 excom-

701 4046 894 4114 municavit.
938 4048 1049 4114 Verba
1082 4053 1195 4116 eutem
1227 4049 1307 4116 late
1336 4049 1683 4116 excommunicationis
1715 4053 1751 4116 et

701 4171 817 4216 causas
855 4140 1011 4239 singilis,
1041 4173 1116 4238 quae
1153 4174 1282 4241 magnae
1319 4155 1398 4217 sunt
1436 4157 1471 4218 et
1508 4151 1679 4219 horribiles
1716 4157 1752 4218 et

701 4273 831 4338 mcgnae
853 4253 1066 4341 prolixitatis,
1088 4255 1217 4343 gratius
1249 4260 1367 4343 reputo
1390 4255 1526 4322 reticere
1547 4277 1647 4342 quem
1669 4256 1750 4322 reci·

702 4354 798 4420 tere.⁴

736 4604 744 4637 ¹
774 4606 894 4670 Oppositc
921 4612 949 4658 to
973 4605 1026 4660 this
1055 4609 1159 4674 chapter
1186 4608 1209 4659 is
1285 4608 1492 4663 ‘horribilcr...
1509 4611 1627 4678 recitare]
1641 4612 1751 4663 Written

703 4682 802 4734 written
812 4685 841 4738 in
853 4688 895 4738 the
906 4689 1006 4753 margin
1017 4687 1163 4739 “dubim’'
1252 4704 1312 4739 over
1327 4705 1360 4739 an
1378 4705 1485 4742 erasure.
1519 4690 1575 4742 The
1593 4700 1710 4744 sentence
1726 4693 1758 4744 of

734 4763 804 4814 ²toc
826 4781 880 4816 cum
907 4767 1074 4834 consiocstic]
1105 4766 1147 4821 On
1175 4782 1207 4819 en
1253 4769 1538 4824 excommunicationis
1560 4771 1588 4822 in
1604 4771 1636 4826 B.
1657 4772 1686 4828 0.
1702 4773 1753 4824 and

702 4856 810 4895 erasure.
1254 4849 1397 4914 ertpwt.

734 4923 820 4992 ἀι]
834 4924 1042 4981 Onnum.
1288 4918 1293 4930 ⁸
