4517 6425
639 1191 705 1253 :340
766 1200 933 1250 namuci
956 1197 1171 1248 enmsrcusrs
1194 1191 1359 1243 nrsronui
1380 1190 1580 1240 succorum

472 1519 541 1573 ab.
556 1523 630 1568 1232.
770 1509 904 1575 Electria
925 1514 971 1573 eat
995 1504 1258 1572 Centauricasis
1280 1503 1561 1590 archiepiscopus.

473 1676 553 1735 John,
565 1674 635 1739 prior
692 1667 850 1752 Tempore
876 1686 1005 1751 quoque
1028 1662 1090 1728 sub
1109 1663 1223 1728 eodem
1246 1668 1428 1727 conventus
1449 1658 1696 1726 Cantuariensis
1708 1671 1871 1751 Roawenc.

472 1743 614 1873 qggqnar·
648 1770 749 1855 elegit
781 1769 978 1845 «iohannem,
1018 1767 1161 1852 priorem
1193 1788 1299 1841 suum,
1336 1766 1374 1828 in
1410 1764 1696 1849 archiepiscopum.
1734 1742 1842 1790 ΝΜ

473 1875 568 1926 elected
580 1875 636 1937 abp.
651 1872 717 1951 Qui
748 1893 823 1935 cum
853 1875 939 1935 esset
969 1869 1040 1955 regi
1074 1874 1301 1953 praesentatus,
1335 1873 1370 1932 et
1395 1868 1439 1931 ab
1468 1887 1506 1930 eo
1538 1871 1698 1950 receptus,

474 1943 638 2066 ffiffiss
651 1974 816 2061 profectus
839 1977 890 2037 est
913 1971 1061 2046 Romam,
1084 1976 1123 2034 ut
1146 1971 1338 2035 electionem
1368 1970 1431 2035 rite
1454 1969 1576 2033 laetam
1598 1968 1701 2053 impe-

475 2074 619 2126 confirmed.
651 2081 755 2141 trarct
778 2097 799 2138 a
824 2073 899 2139 sede
921 2072 1099 2159 apostolica
1121 2072 1315 2136 confirmari.

695 2422 801 2487 Facta
819 2440 884 2506 per
906 2417 1092 2483 docuinam
1112 2439 1246 2505 papam
1267 2417 1504 2505 iaquisitiocw,
1520 2416 1657 2483 cessamt

993 2521 1145 2607 fragam
1168 2520 1351 2587 distractio.

481 2684 537 2762 The
548 2698 612 2747 pope
697 2670 823 2735 Eodem
851 2690 948 2747 anno,
972 2668 1168 2732 ascendente
1191 2667 1324 2754 querela
1353 2690 1452 2754 super
1478 2668 1722 2732 Romanorum.
1747 2678 1874 2758 mend.

481 2758 618 2881 pippg’qo
652 2772 853 2859 gravamine,
869 2792 1007 2855 quorum
1028 2769 1139 2853 fruges
1162 2769 1441 2849 distrahebantur,
1465 2770 1595 2855 scripsit
1615 2769 1722 2839 idem,
1751 2750 1856 2795 mm·

481 2883 575 2947 punish
589 2882 633 2931 the
653 2897 738 2961 papa
760 2872 830 2957 regi
861 2871 1046 2957 Anglorum
1077 2872 1197 2936 acriter
1223 2878 1257 2936 et
1287 2871 1512 2957 increpatorie,
1536 2869 1721 2935 admirans.

482 2949 630 3066 ppethpiqqpf
654 2977 743 3062 quod
775 2973 860 3038 tales
891 2973 928 3036 in
959 2995 1059 3059 regno
1090 2995 1149 3037 suo
1182 2973 1255 3038 fieri
1285 2974 1435 3059 permisit
1465 2973 1605 3059 rapinas,
1636 2994 1704 3037 non
1785 2969 1789 2976 ’

653 3078 780 3142 habens
817 3079 1000 3160 respectum
1039 3074 1081 3139 ad
1119 3081 1332 3155 sacramenta,
1372 3097 1447 3160 quae
1481 3076 1601 3140 lecerat
1638 3096 1705 3139 suae

653 3186 799 3265 tempore
817 3176 1044 3242 coronationis.
1092 3176 1267 3242 Mandavit
1288 3178 1393 3265 igitur
1415 3178 1520 3244 eidem
1543 3178 1622 3264 regi,
1646 3175 1707 3242 sub

652 3305 752 3370 poena
790 3279 1140 3345 excommunicationis
1178 3287 1212 3346 et
1246 3281 1414 3346 interdicti
1447 3282 1588 3346 firmiter
1625 3303 1707 3367 prae-

653 3385 786 3471 cipiens‚
817 3381 985 3468 quatinus,
1015 3382 1169 3468 diligenti
1198 3383 1286 3448 facta
1315 3384 1537 3469 inquisitione,
1567 3384 1595 3449 si
1626 3405 1707 3469 quos

653 3487 752 3572 hujus
774 3483 944 3548 violencia
965 3484 1131 3548 inveniret
1157 3491 1314 3563 auctores,
1337 3491 1406 3550 tam
1428 3487 1576 3572 graviter
1597 3490 1708 3551 sontes

654 3589 799 3676 puniret,
834 3592 873 3651 ut
904 3608 945 3650 ex
976 3607 1075 3672 poena
1104 3582 1231 3651 eorum'
1248 3588 1346 3652 ceteri
1376 3589 1597 3653 formidarent.
1642 3588 1708 3652 De-

655 3693 771 3776 ditque
805 3689 913 3765 Petra,
945 3688 1169 3753 Wintoniensi
1199 3691 1356 3777 episcop0,
1380 3696 1415 3756 et
1449 3691 1563 3756 abbati
1596 3691 1710 3755 Sancti

656 3792 835 3868 Edmundi,
877 3791 914 3854 in
961 3790 1110 3875 partibus
1154 3791 1362 3872 australibus,
1401 3798 1435 3857 et
1472 3793 1711 3878 archiepiscopo

657 3893 864 3969 Eboracensi,
889 3893 1039 3978 episcopo
1070 3892 1295 3972 Dunelmfflsi,
1319 3901 1353 3959 et
1383 3894 1531 3960 Johanni
1554 3895 1712 3974 Romano,

659 3997 695 4061 in
719 3995 867 4082 partibus
897 3994 1151 4079 aquilonaribus,
1175 3995 1211 4059 in
1241 3997 1415 4074 mandatis,
1444 4003 1484 4062 ut
1510 4018 1620 4061 omnes
1643 4003 1713 4061 tani

660 4099 720 4162 diu
752 4096 988 4161 denunciarent
1022 4099 1327 4175 excommunicatos,
1366 4120 1534 4185 quousque
1575 4097 1714 4163 Romam

491 4210 618 4290 Tneking
664 4199 816 4264 venirent
846 4220 867 4261 a
893 4197 967 4262 sede
1005 4200 1186 4284 apostolica
1218 4200 1418 4265 absolvendi.
1476 4201 1578 4266 Facta
1610 4200 1714 4287 igitur
1724 4220 1889 4286 Rog.wend.

492 4277 638 4410 fflss‘w
663 4300 878 4388 inquisitione
908 4300 1070 4387 diligenti,
1102 4301 1233 4366 inventi
1265 4308 1346 4367 sunt
1379 4309 1633 4389 transgressores
1662 4308 1734 4367 tot·
1753 4288 1788 4337 iv.
1801 4292 1860 4338 ²⁴²·

493 4410 651 4476 hahupthe
663 4413 698 4472 et
731 4403 829 4483 tanti,
859 4402 956 4489 quod,
985 4424 1054 4488 prae
1084 4426 1196 4469 eorum
1227 4405 1442 4470 multitudine
1477 4412 1512 4471 et
1542 4410 1732 4492 potestate,-

585 4515 592 4528 '
663 4530 724 4573 rex
747 4506 858 4570 omnia
887 4505 1092 4570 dissimulare
1115 4506 1222 4571 tutius
1246 4507 1420 4592 judicavit,
1436 4508 1525 4593 quod
1547 4509 1644 4594 ipsos,
1667 4513 1732 4572 et·

663 4612 692 4676 si
722 4613 839 4696 posset,
870 4612 994 4673 temere
1026 4608 1194 4693 puniendo
1224 4631 1337 4695 pacem
1362 4611 1456 4697 regni
1485 4608 1736 4697 perturbaret)-

698 4935 706 4966 ¹
717 4931 782 4998 quod
793 4934 858 4996 ipsos
871 4968 877 4980 .
890 4965 897 4978 .
910 4928 1096 4995 perturbaret]
1107 4930 1165 4980 The
1210 4932 1299 4997 faulty,
1318 4935 1370 4984 and
1388 4934 1474 4983 would
1491 4935 1523 4984 be
1538 4934 1635 4984 clearer
1646 4932 1670 4982 if
1681 4949 1720 4984 ire

664 5011 836 5066 comtruction
867 5011 897 5061 of
924 5010 967 5060 the
999 5016 1117 5061 sentence
1143 5009 1164 5060 is
1210 5013 1361 5077 read,quam
1377 5014 1442 5079 ipsa
1539 5013 1694 5080 perturbare.
