4517 6425
622 1181 686 1247 366
752 1194 917 1249 HATI'HAEI
940 1191 1150 1247 rtnlsmusls
1171 1193 1337 1248 HISTORIA
1358 1195 1558 1250 Anauouuu.

453 1382 521 1435 nn.
535 1386 606 1435 ruas.
620 1371 779 1439 dixerunt
803 1373 920 1454 eidem,
937 1371 1110 1439 “Domine
1131 1394 1200 1452 rex,
1216 1372 1356 1439 dicimus
1377 1374 1473 1439 vobis
1495 1378 1535 1442 ut
1556 1372 1670 1442 fideles

620 1477 734 1557 vestri,
763 1477 852 1563 quod
884 1476 1068 1558 consilium,
1110 1498 1176 1564 quo
1213 1498 1303 1543 nunc
1339 1477 1483 1557 utimini,
1518 1500 1586 1545 non
1618 1484 1669 1545 est

619 1601 737 1645 sanum
766 1580 822 1645 vel
851 1601 1012 1662 securum,
1052 1577 1131 1645 sed¹
1168 1578 1239 1645 Deo
1277 1579 1453 1668 displicens
1484 1587 1519 1647 et
1550 1581 1689 1649 canoni.

619 1687 732 1749 sancto
770 1680 981 1765 dissonum;⁹
1018 1683 1148 1748 crudele
1187 1687 1221 1749 et
1258 1683 1476 1772 periculosum
1510 1685 1604 1750 vobis
1635 1691 1688 1752 et.

619 1808 722 1875 regno
744 1785 885 1875 Angliae,
899 1790 943 1866 et,
957 1790 998 1852 ut
1021 1786 1257 1874 exprimamus,
1284 1786 1376 1853 Petri
1398 1788 1553 1855 videlicet
1575 1787 1689 1859 wia.

619 1890 780 1957 boniensis
810 1890 961 1977 episcopi,
993 1894 1029 1956 et
1059 1889 1152 1956 Petri
1182 1889 1225 1956 de
1250 1889 1393 1957 Rivallis
1416 1897 1451 1958 et
1474 1892 1669 1980 complicum
1696 1940 1698 1946 -

620 1993 782 2061 suorum.”
827 1993 873 2059 Et
902 2015 977 2060 cum
1007 1992 1075 2059 sd⁸
1104 1993 1166 2060 hoc
1195 1995 1341 2060 rationes
1370 1994 1514 2062 efficaces
1536 1996 1702 2065 addida-.-

619 2103 707 2177 runt,
724 2099 760 2163 in
783 2097 941 2164 sermonis
963 2097 1029 2163 fine
1049 2097 1281 2179 annectebant,
1305 2100 1475 2185 quodnisi
1497 2100 1540 2165 ab
1563 2120 1688 2167 errore.

620 2205 750 2290 incepto
779 2223 840 2267 rex
869 2200 967 2267 citius
998 2202 1181 2280 desisteret,
1214 2205 1249 2267 et
1279 2223 1353 2267 oum
1392 2179 1546 2269 fidelibus
1575 2202 1746 2290 regnier
1759 2230 1840 2277 1220.

619 2307 671 2374 sui
694 2305 827 2394 pacifice
849 2309 1067 2392 componeret,
1083 2302 1154 2393 ipse
1176 2304 1398 2373 incontinenti
1421 2328 1495 2372 cum
1519 2306 1670 2373 omnibus
1683 2353 1698 2375 .-
1711 2323 1829 2390 cunog.

620 2411 678 2498 qui
700 2411 839 2477 adorant
860 2409 1017 2497 praelatis,
1039 2409 1077 2474 in
1100 2408 1302 2498 praedictos*
1324 2410 1525 2477 sententiam
1547 2411 1692 2489 ferrent,
1726 2392 1832 2511 {23¹7

621 2514 979 2593 excommunicationis,
1002 2518 1037 2579 et
1056 2514 1093 2579 in
1116 2534 1231 2579 omnes
1253 2513 1336 2581 alios
1358 2515 1457 2601 hujus
1480 2516 1571 2603 pacis
1594 2539 1691 2583 con.

452 2638 507 2690 The
517 2637 583 2703 king
621 2620 817 2686 tradietores
840 2623 875 2684 et
901 2618 1082 2685 concordiae
1104 2639 1319 2704 perversores.
1366 2617 1440 2684 Rex
1462 2623 1574 2685 autem
1596 2621 1732 2708 pius-1³¹
1741 2649 1834 2701 Wend

452 2706 590 2825 {¹⁶⁰ssss
599 2801 610 2812 ·
621 2724 759 2790 audiens
776 2721 950 2789 consilium
966 2721 1187 2809 praelatorum,
1202 2720 1372 2787 humiliter
1388 2723 1566 2812 respondit,
1582 2725 1672 2811 quod
1710 2717 1744 2769 iv.
1758 2724 1814 2770 ²⁹⁹·

451 2788 610 2919 sigeriis
622 2827 765 2894 consiliis
792 2848 904 2892 eorum
933 2827 969 2891 in
995 2824 1150 2891 omnibus
1180 2830 1427 2913 optemperaret
1475 2826 1575 2895 Unde
1598 2835 1673 2915 post

451 2908 611 3026 mm
622 2953 742 3019 paucos
772 2930 841 2996 dies
871 2929 1040 3017 proprium
1069 2929 1258 3016 intelligens
1292 2951 1444 3009 errorem,
1474 2932 1673 3019 poenitentia

452 3042 584 3096 thecourc
622 3036 742 3101 ductus
764 3032 806 3099 de
828 3030 941 3112 more,⁶
964 3033 1120 3121 praecepit
1143 3032 1252 3114 Petro,
1268 3032 1492 3100 Wintoniensi
1515 3035 1673 3123 episcopo,

621 3145 660 3206 ut
678 3159 817 3228 pergens
840 3135 884 3202 ad
907 3136 1135 3225 episcopatum
1157 3158 1255 3201 suum
1276 3136 1363 3202 curis
1386 3136 1576 3204 intenderet
1599 3139 1697 3203 ani-'

619 3265 759 3324 marum,
793 3248 828 3307 et
859 3240 899 3306 de
933 3245 1042 3305 cetero
1073 3240 1174 3328 regiis
1208 3240 1352 3328 negotiis
1386 3262 1455 3306 non
1487 3241 1670 3310 interesset.

620 3347 719 3414 Petro
749 3345 852 3411 etiam
882 3343 923 3409 de
953 3343 1102 3422 Rivallis,
1135 3343 1229 3430 cujus
1266 3342 1393 3431 Anglia
1427 3347 1500 3410 tote
1530 3345 1670 3439 nutibus

619 3450 820 3538 subjacebat,
835 3453 884 3529 ut,
901 3447 1040 3513 redditis
1063 3447 1127 3513 sibi
1145 3447 1287 3514 castaliis
1309 3448 1386 3529 suis,
1403 3451 1438 3513 et
1460 3448 1670 3515 ratiocinium

620 3556 660 3621 de
675 3554 839 3621 thesauris
860 3550 1084 3617 incontinenti
1101 3550 1255 3618 redderet
1277 3557 1311 3616 et
1333 3574 1354 3616 a
1376 3551 1469 3617 curia
1482 3553 1670 3636 recederet3

620 3659 786 3725 affirmans
810 3678 883 3723 cunr
902 3655 1102 3742 juramento,
1126 3655 1223 3741 quod,
1247 3654 1314 3720 nisi
1339 3654 1555 3722 beneficiatus
1578 3662 1613 3723 et
1634 3659 1670 3723 in
1692 3655 1701 3671 ⁹

621 3767 744 3829 sortem
766 3760 956 3827 clericorum
978 3757 1096 3825 fuisset
1118 3758 1291 3838 admissus,
1311 3759 1459 3847 graviter
1480 3758 1518 3825 in
1539 3762 1696 3849 corpore,

450 3869 577 3922 nonnus
622 3867 804 3955 puniretur.
849 3863 1061 3930 Pictavenses
1090 3861 1226 3949 insuper
1255 3883 1375 3940 omnes,
1407 3866 1478 3928 tam
1509 3862 1551 3930 de
1582 3866 1690 3940 curia,

450 3937 585 4054 ἓξὲξ,
622 3992 683 4036 sua
704 3990 803 4056 quam
833 3966 874 4034 de
904 3970 1087 4033 castrorum
1116 3962 1308 4060 praesidiis⁰
1337 3965 1514 4055 expellens,
1544 3968 1672 4034 remisit

451 4069 555 4121 rotheir
622 4073 656 4140 iu
681 4071 824 4160 patriam
846 4093 949 4150 suam,
965 4069 1157 4159 praecipiens
1179 4074 1220 4134 ut
1241 4069 1331 4134 ultra
1351 4068 1467 4136 faciem
1489 4092 1582 4136 suam
1604 4094 1672 4138 non

452 4144 566 4281 {zum
624 4175 787 4242 viderent.
831 4173 882 4240 Ac
911 4173 1031 4239 deinde
1060 4194 1128 4253 rex,
1153 4172 1211 4260 qui
1241 4172 1349 4237 modis
1381 4173 1536 4239 omnibus
1559 4174 1695 4262 paeem'

451 4244 594 4348 mme-
624 4278 767 4357 sitiebat,
784 4277 878 4343 misit
900 4276 1141 4356 AEdmundum,
1164 4273 1438 4343 cantuariensem
1465 4276 1611 4355 electum,
1635 4279 1693 4355 in,

451 4370 611 4496 ffiffpoeoe
624 4383 716 4469 cujus
737 4379 835 4446 labiis
857 4379 978 4445 diffusa
1007 4379 1073 4446 fuit
1101 4379 1212 4467 gratia
1241 4379 1396 4445 omnibus
1425 4379 1614 4447 favorabilis
1637 4387 1672 4448 et
1683 4384 1695 4458 ,“

452 4497 583 4549 ritune
621 4509 659 4553 1n
680 4483 824 4551 consiliis
853 4482 994 4548 salubris
1025 4479 1175 4560 efficacia,
1208 4504 1283 4548 cum
1317 4483 1476 4572 episcopis
1504 4484 1691 4565 (bostrensi,

452 4565 657 4683 {ffllmdei
695 4586 830 4655 Rofensi
863 4585 901 4650 in
936 4584 1100 4666 Walliam,
1130 4585 1174 4652 ad
1208 4585 1381 4652 Leolinum
1414 4591 1449 4652 et
1483 4586 1670 4670 Ricardum,

453 4699 601 4751 Mureschal.
634 4750 719 4755 —

654 4842 661 4871 ¹
680 4839 735 4905 scd]
762 4838 796 4887 So
818 4837 919 4887 written
941 4844 968 4886 nt
990 4836 1053 4900 first,
1075 4839 1122 4888 but
1201 4839 1209 4867 ¹
1228 4838 1252 4886 in
1260 4837 1405 4904 predictos]
1418 4838 1496 4891 Onon
1508 4854 1614 4900 erasure,
1623 4843 1673 4892 and

619 4919 863 4971 nibcrwardserased
872 4919 908 4981 by
918 4917 1031 4967 mistakc.
1167 4934 1195 4968 so
1208 4934 1271 4970 corr.
1284 4919 1401 4984 iumnrg.

653 5003 663 5032 ²
680 4999 735 5050 Deo
754 5037 760 5050 .
774 5037 779 5049 .
793 5036 819 5050 ..
838 4997 974 5064 ducenum]
988 4997 1082 5048 Added
1094 4998 1120 5049 in
1199 5000 1209 5027 ⁵
1225 4999 1301 5063 more]
1321 5014 1400 5060 mora,
1413 5000 1469 5051 MS.

620 5096 699 5146 marg.
1199 5077 1361 5144 ορνιιιειῑίιὶιέἐ]
1376 5080 1405 5128 In
1417 5081 1460 5132 the
1478 5082 1577 5148 margin
1597 5083 1618 5134 is
1638 5082 1675 5134 vel

654 5162 664 5190 ²
680 5159 726 5227 ad]
739 5159 833 5216 Added
844 5175 877 5211 on
889 5165 916 5213 to
927 5158 970 5211 the
981 5163 1043 5211 text
1166 5168 1240 5225 cuum,
1251 5163 1301 5227 ie,
1313 5163 1439 5215 custodiis.
