4517 6425
703 1186 725 1247 4
844 1194 1008 1246 numnam
1032 1194 1247 1246 mmsmnsrs
1269 1191 1435 1244 nrsrcsm
1457 1190 1658 1244 russonum.

536 1382 605 1433 AD·
621 1386 694 1431 118⁹·
705 1378 874 1461 scopatum
905 1373 942 1437 in
972 1394 1074 1437 manu
1105 1393 1174 1453 sua,
1204 1370 1349 1458 expulsis
1377 1368 1568 1435 custodibus
1600 1366 1687 1454 regis
1717 1369 1752 1430 et

537 1488 651 1553 Meeting
659 1486 690 1536 of
706 1475 852 1541 Huberti
874 1475 1023 1553 Walteri,
1045 1474 1191 1560 ejusdem
1214 1473 1355 1540 ecclesiae
1377 1472 1499 1538 decani
1544 1471 1624 1537 Dux
1641 1468 1753 1556 igitur,

538 1555 654 1671 ffiffi
704 1578 808 1644 tertia
836 1578 889 1643 sui
918 1577 1058 1643 ducatus
1089 1578 1154 1654 die,
1187 1576 1308 1642 habuit
1336 1574 1532 1661 colloquium
1562 1594 1640 1639 cnm
1677 1590 1753 1658 rege

538 1688 602 1753 ΗΠΒ
613 1686 644 1736 of
707 1680 908 1747 Francorum
930 1679 1019 1745 inter
1035 1679 1344 1746 Calvum-Mentem
1366 1682 1401 1744 et
1425 1677 1521 1758 'Frie3
1542 1676 1580 1741 in
1599 1695 1665 1762 qno
1688 1671 1755 1739 col·

538 1754 644 1805 manee
705 1782 817 1869 loquio
838 1804 898 1848 rex
920 1781 1120 1849 Francorum
1152 1780 1336 1870 postulavit
1364 1779 1548 1847 Giscrcium
1574 1776 1755 1853 castellum,

707 1890 742 1950 et
774 1890 882 1951 totam
912 1884 1117 1972 provinciam
1149 1884 1361 1971 adjacentem.
1407 1882 1474 1950 Sed
1499 1882 1654 1969 quoniam
1683 1879 1755 1945 dux

707 1992 899 2074 accepturus
921 1992 994 2053 erat
1016 1987 1173 2065 Alesiam,
1206 2008 1349 2054 sororem
1383 1985 1478 2073 regis,
1509 1985 1546 2049 in
1573 1983 1755 2070 conjugem,

707 2090 867 2155 sustinuit
888 2089 932 2155 ad
955 2096 1094 2177 tempus,
1117 2089 1288 2177 promissis
1311 2110 1331 2154 a
1353 2086 1436 2154 duce
1457 2091 1602 2174 quatuor
1621 2084 1757 2150 milibus

707 2194 834 2270 marcis,
850 2198 970 2279 praeter
992 2192 1214 2280 supradictam
1238 2192 1418 2280 pecuniam,
1439 2212 1540 2278 quam
1561 2188 1756 2277 promiserat

708 2302 911 2382 paterenus.

770 2556 813 2623 Ut
834 2577 893 2622 ccx
915 2554 1093 2623 Ricardcs
1114 2563 1260 2623 ciatrem
1281 2576 1383 2622 suem
1404 2576 1428 2620 α
1451 2554 1549 2640 leupo
1570 2572 1698 2620 carcerc

1131 2657 1333 2726 liberaverit

543 2818 632 2881 Queen
755 2800 888 2867 Interea
916 2805 1023 2867 mater
1044 2800 1115 2887 ejus
1136 2802 1252 2889 regina
1282 2802 1448 2880 Alienora,
1469 2822 1543 2888 quae
1572 2821 1631 2887 per
1651 2817 1756 2864 annos
1767 2803 1925 2886 nequens

582 2886 587 2899 ⁸
711 2903 874 2969 sexdecim
896 2925 917 2968 a
939 2902 1036 2969 thoro
1064 2904 1170 2991 patris
1199 2903 1370 2992 separata¹
1401 2903 1463 2971 sub
1486 2907 1579 2971 arcta
1606 2900 1757 2969 cuswdia
1811 2877 1883 2925 Μ·

543 2887 657 2945 Alienon

543 2953 640 3003 mother
650 2952 681 3002 oi

544 3018 664 3097 sichem,
711 3006 895 3086 tenebatur,
919 3005 1114 3072 statuendi²
1138 3028 1212 3093 quae
1234 3006 1336 3073 vellet
1358 3029 1379 3072 a
1400 3006 1471 3072 filio
1485 3010 1684 3095 potestatem
1706 3024 1758 3069 ac-

542 3086 688 3219 dorm&
712 3108 807 3195 oepit
851 3109 1041 3196 Datumque
1072 3108 1146 3175 est³
1176 3110 1270 3198 regni
1295 3109 1499 3197 principibus
1521 3110 1558 3175 in
1581 3106 1757 3185 mandatis,
1849 3186 1853 3194 Ι

543 3234 596 3271 ron
712 3217 752 3277 ut
767 3211 879 3277 omnia
900 3213 1152 3301 disponerentur
1173 3214 1217 3279 ad
1231 3218 1348 3280 votum
1370 3211 1501 3301 reginae.
1546 3211 1630 3294 Quae
1651 3210 1756 3278 conti·
1768 3218 1927 3302 nequent.

712 3335 786 3391 nuo,
810 3319 944 3402 accepta
965 3320 1139 3402 potestate,
1163 3336 1275 3382 omnes
1300 3315 1447 3403 captivos
1476 3337 1536 3402 per
1557 3315 1714 3402 Angliam
1736 3335 1757 3378 a
1812 3293 1886 3339 ¹⁸⁹³·

711 3418 894 3484 carceribus
924 3418 1088 3499 liberavit,
1110 3419 1197 3486 sicut
1227 3441 1302 3506 quae
1332 3417 1558 3507 experimento
1588 3418 1759 3497 didicerat,

712 3520 887 3587 carcerales
923 3522 1090 3587 custodias
1127 3521 1319 3587 hominibus
1354 3520 1456 3586 nimis
1492 3543 1562 3588 esse
1598 3521 1761 3587 molestas.

543 3630 691 3684 Fulfilment
713 3622 792 3687 Hiis
813 3622 958 3710 profecto
980 3623 1099 3689 diebus
1119 3625 1215 3690 venit
1236 3623 1273 3688 in
1295 3624 1401 3690 lucem
1423 3623 1596 3712 prophetia
1617 3623 1760 3701 Merlini,

544 3698 672 3831 ζζοᾞζωγ
713 3725 772 3789 ubi
799 3724 930 3805 dicitur,
953 3725 1108 3812 “Aquila
1129 3726 1222 3813 rupti
1252 3725 1385 3792 foederis
1408 3726 1511 3812 tertia
1535 3725 1761 3792 nidificatione

544 3829 681 3884 ofMelin
713 3825 918 3912 gaudebit'’⁴
962 3827 1087 3914 Aquila
1111 3828 1275 3915 siquidem
1300 3828 1416 3916 regina
1436 3828 1496 3893 illa
1517 3833 1568 3894 est
1589 3829 1762 3915 appellata,

713 3927 792 4014 qnia
814 3928 896 3994 duas
911 3929 980 3995 alas
1000 3951 1099 4017 super
1120 3930 1187 3996 duo
1205 3952 1314 4017 regna,
1339 3930 1541 3996 Francorum
1556 3930 1712 3996 videlieet
1726 3935 1762 3996 et

712 4031 906 4118 Anglorum,
934 4034 1117 4120 expandit3
1142 4038 1176 4098 et
1198 4036 1359 4120 praeterea
1377 4038 1513 4121 propter
1537 4033 1779 4121 rapacitatem„

713 4134 792 4218 quia
806 4139 876 4199 tam
896 4134 1024 4201 animas
1046 4156 1146 4222 quam
1170 4156 1303 4222 corpora
1325 4156 1386 4201 sua
1411 4135 1524 4222 rapuit
1545 4135 1780 4224 speciositate.

714 4234 798 4301 Haec
820 4258 841 4300 a
862 4258 939 4324 rege
961 4235 1165 4303 Francorum
1195 4236 1362 4323 disjuncta
1382 4236 1448 4303 fuit
1469 4242 1604 4326 propter
1625 4260 1762 4305 consan-

712 4339 911 4424 guinitatem
925 4362 985 4427 per
999 4340 1182 4407 divortium
1189 4365 1198 4422 ;
1218 4362 1239 4405 a
1252 4361 1330 4428 rege
1344 4341 1529 4430 Anglorum
1545 4339 1763 4430 [segregata]⁵

712 4440 829 4506 extitit
850 4463 908 4528 per
930 4442 1158 4530 suspicionem,
1182 4448 1217 4508 et
1239 4443 1395 4510 custodiae
1417 4444 1572 4512 carcerali
1594 4444 1763 4532 deputata

713 4541 768 4608 Sic
789 4542 894 4630 igitur
910 4544 1051 4631 “aquila
1072 4546 1165 4634 rupti
1181 4545 1342 4614 foederis”
1355 4547 1533 4636 utrobique
1554 4545 1627 4614 fuit
1666 4546 1764 4629 Quod
1803 4624 1806 4629 Ι

713 4713 1278 4725 *amm-m*
1305 4718 1559 4727 --——--·-—.-—-—

747 4814 755 4844 ¹
766 4813 898 4880 ceparum]
917 4823 1039 4881 seperate,
1050 4816 1106 4869 MS.
1293 4823 1302 4852 ⁴
1314 4821 1441 4872 “Merlini
1451 4821 1589 4883 Vaticinia¹
1597 4837 1654 4872 cnm
1666 4822 1763 4876 comm.

745 4893 903 4960 ’raamdq
930 4895 1009 4947 Aster
1034 4895 1086 4947 thie
1104 4899 1174 4949 word
1193 4898 1215 4948 is
1260 4899 1340 4951 Alani
1353 4901 1384 4950 de
1392 4901 1513 4961 Insnlis.”
1525 4916 1550 4965 p.
1562 4903 1652 4962 seed
1666 4906 1738 4953 1608.

714 4974 795 5024 added
816 4975 840 5023 in
860 4991 941 5041 repere,
960 4975 988 5025 in
1005 4975 1048 5029 W.
1065 4977 1096 5028 Β.
1115 4977 1145 5029 C.
1165 4980 1216 5029 end
1294 4980 1456 5046 ‘seprepaffl
1482 4978 1604 5047 supplied
1631 4979 1697 5031 from
1720 4981 1763 5034 W.

715 5052 813 5114 Dicetc,
825 5053 873 5104 eol.
886 5058 943 5104 646.
1261 5059 1293 5110 B.
1306 5058 1334 5111 C.
1346 5061 1396 5110 and
1407 5059 1465 5111 Dic.

746 5132 981 5198 ⁸est]1nterlined
