<?xml version="1.0" encoding="UTF-8"?>
<!DOCTYPE html PUBLIC "-//W3C//DTD XHTML 1.0 Transitional//EN"
    "http://www.w3.org/TR/xhtml1/DTD/xhtml1-transitional.dtd">
<html xmlns="http://www.w3.org/1999/xhtml" xml:lang="en" lang="en">
 <head>
  <title>
</title>
<meta http-equiv="Content-Type" content="text/html;charset=utf-8" />
  <meta name='ocr-system' content='tesseract 3.04.00' />
  <meta name='ocr-capabilities' content='ocr_page ocr_carea ocr_par ocr_line ocrx_word'/>
</head>
<body>
  <div class='ocr_page' id='page_1' title='image "./matthiparisiens00parigoog_0248.png"; bbox 0 0 4517 6425; ppageno 0'>
   <div class='ocr_carea' id='block_1_1' title="bbox 653 1177 1602 1238">
    <p class='ocr_par' dir='ltr' id='par_1_1' title="bbox 653 1177 1602 1238">
     <span class='ocr_line' id='line_1_1' title="bbox 653 1177 1602 1238; baseline -0.004 -1"><span class='ocrx_word' id='word_1_1' title='bbox 653 1177 716 1238; x_wconf 80' lang='lat'>236</span> <span class='ocrx_word' id='word_1_2' title='bbox 792 1189 957 1238; x_wconf 70' lang='lat' dir='ltr'>namnet</span> <span class='ocrx_word' id='word_1_3' title='bbox 981 1189 1194 1238; x_wconf 74' lang='lat' dir='ltr'>rnu1s1snsrs</span> <span class='ocrx_word' id='word_1_4' title='bbox 1217 1188 1379 1236; x_wconf 80' lang='lat' dir='ltr'>flrsrcrns</span> <span class='ocrx_word' id='word_1_5' title='bbox 1402 1187 1602 1235; x_wconf 74' lang='lat' dir='ltr'>naumann.</span> 
     </span>
    </p>
   </div>
   <div class='ocr_carea' id='block_1_2' title="bbox 483 1359 1874 3093">
    <p class='ocr_par' dir='ltr' id='par_1_2' title="bbox 483 1359 1874 3093">
     <span class='ocr_line' id='line_1_2' title="bbox 483 1359 1704 1449; baseline -0.002 -24"><span class='ocrx_word' id='word_1_6' title='bbox 483 1363 760 1426; x_wconf 59' lang='lat' dir='ltr'>annuntiastis</span> <span class='ocrx_word' id='word_1_7' title='bbox 795 1369 908 1427; x_wconf 88' lang='lat' dir='ltr'>tamen</span> <span class='ocrx_word' id='word_1_8' title='bbox 939 1363 1078 1438; x_wconf 89' lang='lat' dir='ltr'>nunciis,</span> <span class='ocrx_word' id='word_1_9' title='bbox 1105 1362 1302 1428; x_wconf 79' lang='lat' dir='ltr'>Christianis</span> <span class='ocrx_word' id='word_1_10' title='bbox 1326 1362 1448 1449; x_wconf 90' lang='lat' dir='ltr'>optulit</span> <span class='ocrx_word' id='word_1_11' title='bbox 1477 1382 1590 1425; x_wconf 89' lang='lat' dir='ltr'>veram</span> <span class='ocrx_word' id='word_1_12' title='bbox 1621 1359 1704 1424; x_wconf 86' lang='lat' dir='ltr'>Cru-</span> 
     </span>
     <span class='ocr_line' id='line_1_3' title="bbox 483 1458 1704 1551; baseline 0 -25"><span class='ocrx_word' id='word_1_13' title='bbox 483 1458 640 1525; x_wconf 72' lang='lat' dir='ltr'>Messengers</span> <span class='ocrx_word' id='word_1_14' title='bbox 652 1486 730 1542; x_wconf 90' lang='lat' dir='ltr'>cem,</span> <span class='ocrx_word' id='word_1_15' title='bbox 747 1488 823 1550; x_wconf 73' lang='lat' dir='ltr'>quae</span> <span class='ocrx_word' id='word_1_16' title='bbox 845 1464 924 1529; x_wconf 91' lang='lat' dir='ltr'>olim</span> <span class='ocrx_word' id='word_1_17' title='bbox 947 1488 968 1529; x_wconf 87' lang='lat' dir='ltr'>a</span> <span class='ocrx_word' id='word_1_18' title='bbox 983 1465 1184 1531; x_wconf 84' lang='lat' dir='ltr'>Salahadino</span> <span class='ocrx_word' id='word_1_19' title='bbox 1206 1470 1304 1551; x_wconf 87' lang='lat' dir='ltr'>capta</span> <span class='ocrx_word' id='word_1_20' title='bbox 1325 1465 1443 1543; x_wconf 85' lang='lat' dir='ltr'>fuerat,</span> <span class='ocrx_word' id='word_1_21' title='bbox 1467 1486 1541 1528; x_wconf 89' lang='lat' dir='ltr'>cum</span> <span class='ocrx_word' id='word_1_22' title='bbox 1564 1462 1704 1549; x_wconf 87' lang='lat' dir='ltr'>captivis</span> 
     </span>
     <span class='ocr_line' id='line_1_4' title="bbox 483 1528 1705 1655; baseline -0.003 -24"><span class='ocrx_word' id='word_1_23' title='bbox 483 1528 814 1647; x_wconf 55' lang='lat' dir='ltr'>iffinJffllomnibus,</span> <span class='ocrx_word' id='word_1_24' title='bbox 845 1567 902 1652; x_wconf 91' lang='lat' dir='ltr'>qui</span> <span class='ocrx_word' id='word_1_25' title='bbox 933 1590 991 1653; x_wconf 90' lang='lat' dir='ltr'>per</span> <span class='ocrx_word' id='word_1_26' title='bbox 1022 1591 1159 1655; x_wconf 82' lang='lat' dir='ltr'>regnum</span> <span class='ocrx_word' id='word_1_27' title='bbox 1191 1567 1360 1632; x_wconf 86' lang='lat' dir='ltr'>Babilonis</span> <span class='ocrx_word' id='word_1_28' title='bbox 1391 1573 1425 1632; x_wconf 91' lang='lat' dir='ltr'>et</span> <span class='ocrx_word' id='word_1_29' title='bbox 1449 1564 1603 1631; x_wconf 84' lang='lat' dir='ltr'>Damasci</span> <span class='ocrx_word' id='word_1_30' title='bbox 1633 1564 1705 1629; x_wconf 84' lang='lat' dir='ltr'>viri</span> 
     </span>
     <span class='ocr_line' id='line_1_5' title="bbox 483 1666 1874 1757; baseline 0.001 -23"><span class='ocrx_word' id='word_1_31' title='bbox 483 1666 566 1709; x_wconf 78' lang='lat' dir='ltr'>term.</span> <span class='ocrx_word' id='word_1_32' title='bbox 651 1675 805 1755; x_wconf 74' lang='lat' dir='ltr'>poterant</span> <span class='ocrx_word' id='word_1_33' title='bbox 835 1670 980 1756; x_wconf 89' lang='lat' dir='ltr'>reperiri,</span> <span class='ocrx_word' id='word_1_34' title='bbox 1014 1693 1089 1735; x_wconf 88' lang='lat' dir='ltr'>curn</span> <span class='ocrx_word' id='word_1_35' title='bbox 1115 1671 1304 1757; x_wconf 73' lang='lat' dir='ltr'>sumptibus</span> <span class='ocrx_word' id='word_1_36' title='bbox 1330 1670 1519 1735; x_wconf 83' lang='lat' dir='ltr'>necessariis</span> <span class='ocrx_word' id='word_1_37' title='bbox 1545 1669 1588 1733; x_wconf 89' lang='lat' dir='ltr'>ad</span> <span class='ocrx_word' id='word_1_38' title='bbox 1611 1690 1703 1752; x_wconf 88' lang='lat' dir='ltr'>repa·</span> <span class='ocrx_word' id='word_1_39' title='bbox 1716 1685 1874 1750; x_wconf 78' lang='lat' dir='ltr'>Rog.Wend.</span> 
     </span>
     <span class='ocr_line' id='line_1_6' title="bbox 651 1755 1837 1858; baseline -0.001 -23"><span class='ocrx_word' id='word_1_40' title='bbox 651 1773 772 1837; x_wconf 86' lang='lat' dir='ltr'>randos</span> <span class='ocrx_word' id='word_1_41' title='bbox 794 1794 905 1837; x_wconf 88' lang='lat' dir='ltr'>muros</span> <span class='ocrx_word' id='word_1_42' title='bbox 928 1773 1117 1849; x_wconf 82' lang='lat' dir='ltr'>Ierusalem,</span> <span class='ocrx_word' id='word_1_43' title='bbox 1142 1778 1176 1837; x_wconf 88' lang='lat' dir='ltr'>et</span> <span class='ocrx_word' id='word_1_44' title='bbox 1199 1773 1369 1838; x_wconf 87' lang='lat' dir='ltr'>civitatem</span> <span class='ocrx_word' id='word_1_45' title='bbox 1393 1771 1429 1836; x_wconf 91' lang='lat' dir='ltr'>in</span> <span class='ocrx_word' id='word_1_46' title='bbox 1451 1778 1576 1838; x_wconf 86' lang='lat' dir='ltr'>statum</span> <span class='ocrx_word' id='word_1_47' title='bbox 1592 1769 1704 1858; x_wconf 87' lang='lat' dir='ltr'>pristi·</span> <span class='ocrx_word' id='word_1_48' title='bbox 1749 1755 1783 1803; x_wconf 49' lang='grc' dir='ltr'>ὴ·</span> <span class='ocrx_word' id='word_1_49' title='bbox 1797 1758 1837 1803; x_wconf 80' lang='lat'>⁵⁸·</span> 
     </span>
     <span class='ocr_line' id='line_1_7' title="bbox 651 1872 1722 1961; baseline -0.002 -22"><span class='ocrx_word' id='word_1_50' title='bbox 651 1898 731 1940; x_wconf 89' lang='lat' dir='ltr'>num</span> <span class='ocrx_word' id='word_1_51' title='bbox 755 1872 1188 1955; x_wconf 73' lang='lat' dir='ltr'>reducendam.-Addens¹</span> <span class='ocrx_word' id='word_1_52' title='bbox 1213 1875 1288 1941; x_wconf 87' lang='lat' dir='ltr'>“Et</span> <span class='ocrx_word' id='word_1_53' title='bbox 1315 1876 1380 1941; x_wconf 84' lang='lat' dir='ltr'>erit</span> <span class='ocrx_word' id='word_1_54' title='bbox 1404 1897 1470 1961; x_wconf 81' lang='lat' dir='ltr'>pax</span> <span class='ocrx_word' id='word_1_55' title='bbox 1496 1875 1595 1940; x_wconf 81' lang='lat' dir='ltr'>beata</span> <span class='ocrx_word' id='word_1_56' title='bbox 1616 1873 1722 1938; x_wconf 88' lang='lat' dir='ltr'>inter·</span> 
     </span>
     <span class='ocr_line' id='line_1_8' title="bbox 651 1976 1722 2055; baseline -0.003 -13"><span class='ocrx_word' id='word_1_57' title='bbox 651 2000 711 2042; x_wconf 91' lang='lat' dir='ltr'>nos</span> <span class='ocrx_word' id='word_1_58' title='bbox 738 1984 773 2042; x_wconf 91' lang='lat' dir='ltr'>et</span> <span class='ocrx_word' id='word_1_59' title='bbox 796 2000 859 2055; x_wconf 91' lang='lat' dir='ltr'>eos,</span> <span class='ocrx_word' id='word_1_60' title='bbox 886 1982 983 2042; x_wconf 87' lang='lat' dir='ltr'>tutus</span> <span class='ocrx_word' id='word_1_61' title='bbox 1011 1978 1228 2043; x_wconf 87' lang='lat' dir='ltr'>intermeatus</span> <span class='ocrx_word' id='word_1_62' title='bbox 1258 1978 1464 2054; x_wconf 83' lang='lat' dir='ltr'>institorum,¹</span> <span class='ocrx_word' id='word_1_63' title='bbox 1495 1983 1529 2043; x_wconf 91' lang='lat' dir='ltr'>et</span> <span class='ocrx_word' id='word_1_64' title='bbox 1556 1976 1722 2041; x_wconf 77' lang='lat' dir='ltr'>omniunt·</span> 
     </span>
     <span class='ocr_line' id='line_1_9' title="bbox 651 2079 1723 2167; baseline -0.002 -23"><span class='ocrx_word' id='word_1_65' title='bbox 651 2081 824 2149; x_wconf 90' lang='lat' dir='ltr'>hominum</span> <span class='ocrx_word' id='word_1_66' title='bbox 846 2081 954 2146; x_wconf 85' lang='lat' dir='ltr'>foedus</span> <span class='ocrx_word' id='word_1_67' title='bbox 978 2086 1012 2145; x_wconf 92' lang='lat' dir='ltr'>et</span> <span class='ocrx_word' id='word_1_68' title='bbox 1034 2079 1212 2145; x_wconf 86' lang='lat' dir='ltr'>amicitia.”</span> <span class='ocrx_word' id='word_1_69' title='bbox 1258 2080 1391 2167; x_wconf 88' lang='lat' dir='ltr'>Optulit</span> <span class='ocrx_word' id='word_1_70' title='bbox 1406 2080 1541 2167; x_wconf 85' lang='lat' dir='ltr'>insuper</span> <span class='ocrx_word' id='word_1_71' title='bbox 1556 2080 1723 2145; x_wconf 77' lang='lat' dir='ltr'>totaliter·</span> 
     </span>
     <span class='ocr_line' id='line_1_10' title="bbox 652 2182 1706 2270; baseline -0.001 -23"><span class='ocrx_word' id='word_1_72' title='bbox 652 2206 790 2270; x_wconf 83' lang='lat' dir='ltr'>regnum</span> <span class='ocrx_word' id='word_1_73' title='bbox 818 2183 1144 2263; x_wconf 80' lang='lat' dir='ltr'>ierosolimitanum,²</span> <span class='ocrx_word' id='word_1_74' title='bbox 1167 2190 1288 2270; x_wconf 81' lang='lat' dir='ltr'>pr&#39;aeter</span> <span class='ocrx_word' id='word_1_75' title='bbox 1305 2184 1459 2249; x_wconf 79' lang='lat' dir='ltr'>Graccum</span> <span class='ocrx_word' id='word_1_76' title='bbox 1485 2187 1518 2247; x_wconf 91' lang='lat' dir='ltr'>et</span> <span class='ocrx_word' id='word_1_77' title='bbox 1542 2182 1706 2249; x_wconf 87' lang='lat' dir='ltr'>Montem-</span> 
     </span>
     <span class='ocr_line' id='line_1_11' title="bbox 651 2284 1706 2373; baseline -0.004 -21"><span class='ocrx_word' id='word_1_78' title='bbox 651 2287 816 2373; x_wconf 83' lang='lat' dir='ltr'>Regalem,</span> <span class='ocrx_word' id='word_1_79' title='bbox 840 2309 899 2373; x_wconf 88' lang='lat' dir='ltr'>pro</span> <span class='ocrx_word' id='word_1_80' title='bbox 916 2285 1035 2373; x_wconf 89' lang='lat' dir='ltr'>quibus</span> <span class='ocrx_word' id='word_1_81' title='bbox 1050 2285 1234 2351; x_wconf 82' lang='lat' dir='ltr'><strong>retinendis</strong></span> <span class='ocrx_word' id='word_1_82' title='bbox 1249 2285 1413 2351; x_wconf 89' lang='lat' dir='ltr'>tributum</span> <span class='ocrx_word' id='word_1_83' title='bbox 1431 2285 1554 2372; x_wconf 90' lang='lat' dir='ltr'>optulit</span> <span class='ocrx_word' id='word_1_84' title='bbox 1568 2284 1706 2373; x_wconf 84' lang='lat' dir='ltr'>singulis</span> 
     </span>
     <span class='ocr_line' id='line_1_12' title="bbox 650 2385 1706 2474; baseline 0.001 -21"><span class='ocrx_word' id='word_1_85' title='bbox 650 2391 747 2454; x_wconf 89' lang='lat' dir='ltr'>annis</span> <span class='ocrx_word' id='word_1_86' title='bbox 786 2390 842 2453; x_wconf 85' lang='lat' dir='ltr'>xii.</span> <span class='ocrx_word' id='word_1_87' title='bbox 872 2390 964 2454; x_wconf 87' lang='lat' dir='ltr'>milia</span> <span class='ocrx_word' id='word_1_88' title='bbox 1002 2385 1233 2466; x_wconf 80' lang='lat' dir='ltr'>bisanciorum,</span> <span class='ocrx_word' id='word_1_89' title='bbox 1271 2388 1428 2474; x_wconf 86' lang='lat' dir='ltr'><strong>quamdiu</strong></span> <span class='ocrx_word' id='word_1_90' title='bbox 1464 2389 1523 2452; x_wconf 89' lang='lat' dir='ltr'>illa</span> <span class='ocrx_word' id='word_1_91' title='bbox 1556 2388 1706 2455; x_wconf 79' lang='lat' dir='ltr'>teneret.³</span> 
     </span>
     <span class='ocr_line' id='line_1_13' title="bbox 652 2490 1705 2568; baseline -0.001 -10"><span class='ocrx_word' id='word_1_92' title='bbox 652 2493 741 2558; x_wconf 89' lang='lat' dir='ltr'>Sunt</span> <span class='ocrx_word' id='word_1_93' title='bbox 764 2499 875 2557; x_wconf 87' lang='lat' dir='ltr'>autem</span> <span class='ocrx_word' id='word_1_94' title='bbox 899 2492 958 2556; x_wconf 90' lang='lat' dir='ltr'>illa</span> <span class='ocrx_word' id='word_1_95' title='bbox 980 2493 1046 2557; x_wconf 92' lang='lat' dir='ltr'>duc</span> <span class='ocrx_word' id='word_1_96' title='bbox 1072 2498 1178 2557; x_wconf 87' lang='lat' dir='ltr'>castra</span> <span class='ocrx_word' id='word_1_97' title='bbox 1202 2492 1238 2557; x_wconf 88' lang='lat' dir='ltr'>in</span> <span class='ocrx_word' id='word_1_98' title='bbox 1262 2491 1396 2568; x_wconf 83' lang='lat' dir='ltr'>Arabia,</span> <span class='ocrx_word' id='word_1_99' title='bbox 1422 2490 1479 2556; x_wconf 90' lang='lat' dir='ltr'>vii.</span> <span class='ocrx_word' id='word_1_100' title='bbox 1502 2492 1705 2557; x_wconf 88' lang='lat' dir='ltr'>firmissimas</span> 
     </span>
     <span class='ocr_line' id='line_1_14' title="bbox 651 2593 1703 2682; baseline 0 -22"><span class='ocrx_word' id='word_1_101' title='bbox 651 2596 852 2660; x_wconf 78' lang='lat' dir='ltr'>munitiones</span> <span class='ocrx_word' id='word_1_102' title='bbox 874 2595 1038 2670; x_wconf 87' lang='lat' dir='ltr'>habentia,</span> <span class='ocrx_word' id='word_1_103' title='bbox 1073 2618 1132 2682; x_wconf 89' lang='lat' dir='ltr'>per</span> <span class='ocrx_word' id='word_1_104' title='bbox 1154 2618 1229 2680; x_wconf 82' lang='lat' dir='ltr'>quae</span> <span class='ocrx_word' id='word_1_105' title='bbox 1253 2593 1476 2681; x_wconf 86' lang='lat' dir='ltr'>negotiatores</span> <span class='ocrx_word' id='word_1_106' title='bbox 1500 2617 1703 2682; x_wconf 86' lang='lat' dir='ltr'>paganorum</span> 
     </span>
     <span class='ocr_line' id='line_1_15' title="bbox 651 2697 1704 2785; baseline 0.001 -22"><span class='ocrx_word' id='word_1_107' title='bbox 651 2705 686 2763; x_wconf 90' lang='lat' dir='ltr'>et</span> <span class='ocrx_word' id='word_1_108' title='bbox 707 2699 871 2785; x_wconf 88' lang='lat' dir='ltr'>peregrini</span> <span class='ocrx_word' id='word_1_109' title='bbox 903 2698 1051 2763; x_wconf 86' lang='lat' dir='ltr'>Mecham</span> <span class='ocrx_word' id='word_1_110' title='bbox 1075 2697 1250 2763; x_wconf 87' lang='lat' dir='ltr'>tendentes</span> <span class='ocrx_word' id='word_1_111' title='bbox 1272 2700 1327 2762; x_wconf 87' lang='lat' dir='ltr'>vel</span> <span class='ocrx_word' id='word_1_112' title='bbox 1360 2698 1401 2762; x_wconf 89' lang='lat' dir='ltr'>ab</span> <span class='ocrx_word' id='word_1_113' title='bbox 1432 2697 1490 2762; x_wconf 88' lang='lat' dir='ltr'>illa</span> <span class='ocrx_word' id='word_1_114' title='bbox 1516 2698 1704 2765; x_wconf 80' lang='lat' dir='ltr'>recedentes</span> 
     </span>
     <span class='ocr_line' id='line_1_16' title="bbox 651 2785 1722 2889; baseline 0.002 -26"><span class='ocrx_word' id='word_1_115' title='bbox 651 2802 758 2865; x_wconf 83' lang='lat' dir='ltr'>solent</span> <span class='ocrx_word' id='word_1_116' title='bbox 780 2807 988 2865; x_wconf 88' lang='lat' dir='ltr'>transmeare.</span> <span class='ocrx_word' id='word_1_117' title='bbox 1035 2800 1080 2865; x_wconf 88' lang='lat' dir='ltr'>Et</span> <span class='ocrx_word' id='word_1_118' title='bbox 1103 2800 1164 2865; x_wconf 90' lang='lat' dir='ltr'>hcc</span> <span class='ocrx_word' id='word_1_119' title='bbox 1179 2800 1360 2887; x_wconf 87' lang='lat' dir='ltr'>postulavit</span> <span class='ocrx_word' id='word_1_120' title='bbox 1375 2785 1546 2878; x_wconf 74' lang='lat' dir='ltr'>Soldanus,</span> <span class='ocrx_word' id='word_1_121' title='bbox 1563 2823 1631 2866; x_wconf 88' lang='lat' dir='ltr'>non</span> <span class='ocrx_word' id='word_1_122' title='bbox 1645 2824 1722 2889; x_wconf 90' lang='lat' dir='ltr'>per.</span> 
     </span>
     <span class='ocr_line' id='line_1_17' title="bbox 651 2902 1721 2990; baseline 0 -23"><span class='ocrx_word' id='word_1_123' title='bbox 651 2904 825 2967; x_wconf 87' lang='lat' dir='ltr'>avaritiam</span> <span class='ocrx_word' id='word_1_124' title='bbox 848 2903 902 2968; x_wconf 91' lang='lat' dir='ltr'>vel</span> <span class='ocrx_word' id='word_1_125' title='bbox 932 2903 1089 2967; x_wconf 79' lang='lat' dir='ltr'>astutiam</span> <span class='ocrx_word' id='word_1_126' title='bbox 1117 2903 1192 2989; x_wconf 88' lang='lat' dir='ltr'>plus</span> <span class='ocrx_word' id='word_1_127' title='bbox 1219 2904 1417 2990; x_wconf 91' lang='lat' dir='ltr'>possidendi,</span> <span class='ocrx_word' id='word_1_128' title='bbox 1441 2902 1499 2968; x_wconf 88' lang='lat' dir='ltr'>sed</span> <span class='ocrx_word' id='word_1_129' title='bbox 1525 2909 1564 2968; x_wconf 89' lang='lat' dir='ltr'>ut</span> <span class='ocrx_word' id='word_1_130' title='bbox 1591 2903 1721 2969; x_wconf 77' lang='lat' dir='ltr'>Chris.</span> 
     </span>
     <span class='ocr_line' id='line_1_18' title="bbox 652 3004 1723 3093; baseline 0.001 -24"><span class='ocrx_word' id='word_1_131' title='bbox 652 3005 820 3069; x_wconf 88' lang='lat' dir='ltr'>tianorum</span> <span class='ocrx_word' id='word_1_132' title='bbox 847 3004 992 3069; x_wconf 87' lang='lat' dir='ltr'>crebrius</span> <span class='ocrx_word' id='word_1_133' title='bbox 1019 3011 1190 3091; x_wconf 84' lang='lat' dir='ltr'>expertam</span> <span class='ocrx_word' id='word_1_134' title='bbox 1221 3006 1439 3093; x_wconf 82' lang='lat' dir='ltr'>cupiditatem</span> <span class='ocrx_word' id='word_1_135' title='bbox 1462 3006 1536 3092; x_wconf 88' lang='lat' dir='ltr'>plus</span> <span class='ocrx_word' id='word_1_136' title='bbox 1558 3005 1723 3072; x_wconf 86' lang='lat' dir='ltr'>habendi.</span> 
     </span>
    </p>
   </div>
   <div class='ocr_carea' id='block_1_3' title="bbox 651 3108 1723 3193">
    <p class='ocr_par' dir='ltr' id='par_1_3' title="bbox 651 3108 1723 3193">
     <span class='ocr_line' id='line_1_19' title="bbox 651 3108 1723 3193; baseline 0 -21"><span class='ocrx_word' id='word_1_137' title='bbox 651 3109 850 3184; x_wconf 74' lang='lat' dir='ltr'>refraenaret,</span> <span class='ocrx_word' id='word_1_138' title='bbox 887 3112 922 3171; x_wconf 90' lang='lat' dir='ltr'>et</span> <span class='ocrx_word' id='word_1_139' title='bbox 957 3128 1070 3171; x_wconf 89' lang='lat' dir='ltr'>eorum</span> <span class='ocrx_word' id='word_1_140' title='bbox 1104 3108 1340 3193; x_wconf 87' lang='lat' dir='ltr'>possessiouem</span> <span class='ocrx_word' id='word_1_141' title='bbox 1376 3109 1497 3174; x_wconf 87' lang='lat' dir='ltr'>certius</span> <span class='ocrx_word' id='word_1_142' title='bbox 1535 3108 1723 3175; x_wconf 89' lang='lat' dir='ltr'>limitaret..</span> 
     </span>
    </p>
   </div>
   <div class='ocr_carea' id='block_1_4' title="bbox 650 3209 1724 3607">
    <p class='ocr_par' dir='ltr' id='par_1_4' title="bbox 650 3209 1724 3607">
     <span class='ocr_line' id='line_1_20' title="bbox 653 3209 1722 3299; baseline 0.002 -24"><span class='ocrx_word' id='word_1_143' title='bbox 653 3211 740 3291; x_wconf 79' lang='lat' dir='ltr'>Quia</span> <span class='ocrx_word' id='word_1_144' title='bbox 772 3211 893 3298; x_wconf 86' lang='lat' dir='ltr'>saepius</span> <span class='ocrx_word' id='word_1_145' title='bbox 930 3209 1027 3275; x_wconf 89' lang='lat' dir='ltr'>nobis</span> <span class='ocrx_word' id='word_1_146' title='bbox 1061 3232 1200 3296; x_wconf 84' lang='lat' dir='ltr'>regnum</span> <span class='ocrx_word' id='word_1_147' title='bbox 1236 3211 1328 3288; x_wconf 89' lang='lat' dir='ltr'>illud,</span> <span class='ocrx_word' id='word_1_148' title='bbox 1353 3218 1388 3277; x_wconf 91' lang='lat' dir='ltr'>et</span> <span class='ocrx_word' id='word_1_149' title='bbox 1424 3211 1583 3299; x_wconf 87' lang='lat' dir='ltr'>quicquid</span> <span class='ocrx_word' id='word_1_150' title='bbox 1610 3213 1722 3298; x_wconf 86' lang='lat' dir='ltr'>juste.</span> 
     </span>
     <span class='ocr_line' id='line_1_21' title="bbox 650 3312 1724 3400; baseline 0.003 -22"><span class='ocrx_word' id='word_1_151' title='bbox 650 3314 817 3400; x_wconf 87' lang='lat' dir='ltr'>postulare</span> <span class='ocrx_word' id='word_1_152' title='bbox 843 3313 1006 3390; x_wconf 72' lang='lat' dir='ltr'>sciremus</span> <span class='ocrx_word' id='word_1_153' title='bbox 1037 3313 1133 3377; x_wconf 91' lang='lat' dir='ltr'>nobis</span> <span class='ocrx_word' id='word_1_154' title='bbox 1165 3312 1363 3379; x_wconf 81' lang='lat' dir='ltr'>Sarraceni⁴</span> <span class='ocrx_word' id='word_1_155' title='bbox 1391 3314 1612 3395; x_wconf 84' lang='lat' dir='ltr'>concederent,</span> <span class='ocrx_word' id='word_1_156' title='bbox 1638 3315 1724 3381; x_wconf 90' lang='lat' dir='ltr'>nisi.</span> 
     </span>
     <span class='ocr_line' id='line_1_22' title="bbox 651 3415 1723 3504; baseline 0.001 -22"><span class='ocrx_word' id='word_1_157' title='bbox 651 3417 845 3482; x_wconf 85' lang='lat' dir='ltr'>aviditatem</span> <span class='ocrx_word' id='word_1_158' title='bbox 868 3422 1016 3481; x_wconf 88' lang='lat' dir='ltr'>nostram</span> <span class='ocrx_word' id='word_1_159' title='bbox 1039 3415 1113 3502; x_wconf 89' lang='lat' dir='ltr'>plus</span> <span class='ocrx_word' id='word_1_160' title='bbox 1137 3416 1326 3504; x_wconf 85' lang='lat' dir='ltr'>possidendi</span> <span class='ocrx_word' id='word_1_161' title='bbox 1348 3423 1382 3483; x_wconf 92' lang='lat' dir='ltr'>et</span> <span class='ocrx_word' id='word_1_162' title='bbox 1404 3417 1601 3504; x_wconf 88' lang='lat' dir='ltr'>adquirendi</span> <span class='ocrx_word' id='word_1_163' title='bbox 1621 3441 1723 3486; x_wconf 83' lang='lat' dir='ltr'>sem.</span> 
     </span>
     <span class='ocr_line' id='line_1_23' title="bbox 651 3519 1116 3607; baseline -0.004 -22"><span class='ocrx_word' id='word_1_164' title='bbox 651 3543 709 3607; x_wconf 90' lang='lat' dir='ltr'>per</span> <span class='ocrx_word' id='word_1_165' title='bbox 731 3521 872 3607; x_wconf 86' lang='lat' dir='ltr'>amplius</span> <span class='ocrx_word' id='word_1_166' title='bbox 893 3519 1116 3585; x_wconf 84' lang='lat' dir='ltr'>formidarent.</span> 
     </span>
    </p>
   </div>
   <div class='ocr_carea' id='block_1_5' title="bbox 653 3708 1704 3898">
    <p class='ocr_par' dir='ltr' id='par_1_5' title="bbox 653 3708 1704 3898">
     <span class='ocr_line' id='line_1_24' title="bbox 653 3708 1704 3780; baseline 0.004 -6"><span class='ocrx_word' id='word_1_167' title='bbox 653 3710 777 3776; x_wconf 81' lang='lat' dir='ltr'>Oritur</span> <span class='ocrx_word' id='word_1_168' title='bbox 803 3709 1035 3777; x_wconf 76' lang='lat' dir='ltr'>luarwretubilia</span> <span class='ocrx_word' id='word_1_169' title='bbox 1066 3708 1232 3776; x_wconf 80' lang='lat' dir='ltr'>dissentio</span> <span class='ocrx_word' id='word_1_170' title='bbox 1262 3710 1305 3776; x_wconf 80' lang='lat' dir='ltr'>in</span> <span class='ocrx_word' id='word_1_171' title='bbox 1335 3712 1481 3780; x_wconf 76' lang='lat' dir='ltr'>coercita</span> <span class='ocrx_word' id='word_1_172' title='bbox 1509 3712 1704 3780; x_wconf 74' lang='lat' dir='ltr'>Olnistinno</span> 
     </span>
     <span class='ocr_line' id='line_1_25' title="bbox 891 3813 1468 3898; baseline 0.014 -23"><span class='ocrx_word' id='word_1_173' title='bbox 891 3836 958 3898; x_wconf 77' lang='lat' dir='ltr'>pro</span> <span class='ocrx_word' id='word_1_174' title='bbox 985 3813 1047 3878; x_wconf 71' lang='lat' dir='ltr'>leuc</span> <span class='ocrx_word' id='word_1_175' title='bbox 1074 3813 1225 3880; x_wconf 81' lang='lat' dir='ltr'>Solcloni</span> <span class='ocrx_word' id='word_1_176' title='bbox 1251 3815 1468 3883; x_wconf 56' lang='lat' dir='ltr'>humiliate?</span> 
     </span>
    </p>
   </div>
   <div class='ocr_carea' id='block_1_6' title="bbox 653 3944 1876 4536">
    <p class='ocr_par' dir='ltr' id='par_1_6' title="bbox 653 3944 1876 4536">
     <span class='ocr_line' id='line_1_26' title="bbox 699 3944 1876 4034; baseline 0.005 -26"><span class='ocrx_word' id='word_1_177' title='bbox 699 3945 795 4009; x_wconf 91' lang='lat' dir='ltr'>Hanc</span> <span class='ocrx_word' id='word_1_178' title='bbox 833 3944 1102 4028; x_wconf 82' lang='lat' dir='ltr'>compositionem</span> <span class='ocrx_word' id='word_1_179' title='bbox 1141 3946 1373 4033; x_wconf 86' lang='lat' dir='ltr'>acceptabilem</span> <span class='ocrx_word' id='word_1_180' title='bbox 1411 3953 1445 4012; x_wconf 90' lang='lat' dir='ltr'>et</span> <span class='ocrx_word' id='word_1_181' title='bbox 1482 3948 1597 4014; x_wconf 89' lang='lat' dir='ltr'>utilem</span> <span class='ocrx_word' id='word_1_182' title='bbox 1635 3971 1703 4015; x_wconf 85' lang='lat' dir='ltr'>esse</span> <span class='ocrx_word' id='word_1_183' title='bbox 1716 3950 1876 4034; x_wconf 58' lang='lat' dir='ltr'>Ros-went.</span> 
     </span>
     <span class='ocr_line' id='line_1_27' title="bbox 654 4028 1841 4130; baseline 0.006 -19"><span class='ocrx_word' id='word_1_184' title='bbox 654 4046 903 4112; x_wconf 85' lang='lat' dir='ltr'>Christianitati</span> <span class='ocrx_word' id='word_1_185' title='bbox 927 4069 988 4111; x_wconf 84' lang='lat' dir='ltr'>rex</span> <span class='ocrx_word' id='word_1_186' title='bbox 1004 4046 1194 4126; x_wconf 83' lang='lat' dir='ltr'>Jerusalem,</span> <span class='ocrx_word' id='word_1_187' title='bbox 1210 4071 1317 4115; x_wconf 85' lang='lat' dir='ltr'>comes</span> <span class='ocrx_word' id='word_1_188' title='bbox 1329 4050 1518 4130; x_wconf 84' lang='lat' dir='ltr'>Cestrensis,</span> <span class='ocrx_word' id='word_1_189' title='bbox 1536 4056 1570 4117; x_wconf 88' lang='lat' dir='ltr'>et</span> <span class='ocrx_word' id='word_1_190' title='bbox 1593 4075 1704 4117; x_wconf 87' lang='lat' dir='ltr'>omnes</span> <span class='ocrx_word' id='word_1_191' title='bbox 1752 4038 1787 4074; x_wconf 66' lang='grc' dir='ltr'>Π·</span> <span class='ocrx_word' id='word_1_192' title='bbox 1801 4028 1841 4074; x_wconf 75' lang='lat'>⁵⁸⁹</span> 
     </span>
     <span class='ocr_line' id='line_1_28' title="bbox 653 4149 1868 4236; baseline 0.007 -24"><span class='ocrx_word' id='word_1_193' title='bbox 653 4149 875 4236; x_wconf 74' lang='lat' dir='ltr'>Francigentc,</span> <span class='ocrx_word' id='word_1_194' title='bbox 910 4171 984 4213; x_wconf 89' lang='lat' dir='ltr'>cnm</span> <span class='ocrx_word' id='word_1_195' title='bbox 1009 4150 1189 4236; x_wconf 86' lang='lat' dir='ltr'>capitaneis</span> <span class='ocrx_word' id='word_1_196' title='bbox 1212 4152 1488 4218; x_wconf 69' lang='lat' dir='ltr'>&#39;theutonicorum</span> <span class='ocrx_word' id='word_1_197' title='bbox 1515 4160 1705 4220; x_wconf 84' lang='lat' dir='ltr'>constanter</span> <span class='ocrx_word' id='word_1_198' title='bbox 1728 4155 1770 4205; x_wconf 86' lang='lat' dir='ltr'>s⁰¹·</span> <span class='ocrx_word' id='word_1_199' title='bbox 1786 4161 1832 4206; x_wconf 83' lang='lat'>1⁰5</span> <span class='ocrx_word' id='word_1_200' title='bbox 1845 4155 1868 4210; x_wconf 70' lang='grc' dir='ltr'>ὃ·</span> 
     </span>
     <span class='ocr_line' id='line_1_29' title="bbox 653 4251 1705 4334; baseline 0.006 -17"><span class='ocrx_word' id='word_1_201' title='bbox 653 4261 859 4318; x_wconf 87' lang='lat' dir='ltr'>consuerunt.</span> <span class='ocrx_word' id='word_1_202' title='bbox 906 4251 978 4316; x_wconf 92' lang='lat' dir='ltr'>Nec</span> <span class='ocrx_word' id='word_1_203' title='bbox 1000 4252 1061 4318; x_wconf 89' lang='lat' dir='ltr'>hoc</span> <span class='ocrx_word' id='word_1_204' title='bbox 1084 4253 1275 4320; x_wconf 89' lang='lat' dir='ltr'>mirandum</span> <span class='ocrx_word' id='word_1_205' title='bbox 1291 4261 1349 4334; x_wconf 87' lang='lat' dir='ltr'>est,</span> <span class='ocrx_word' id='word_1_206' title='bbox 1365 4278 1438 4322; x_wconf 85' lang='lat' dir='ltr'>oum</span> <span class='ocrx_word' id='word_1_207' title='bbox 1463 4255 1568 4323; x_wconf 89' lang='lat' dir='ltr'>multo</span> <span class='ocrx_word' id='word_1_208' title='bbox 1580 4259 1705 4323; x_wconf 90' lang='lat' dir='ltr'>minore</span> 
     </span>
     <span class='ocr_line' id='line_1_30' title="bbox 653 4355 1706 4443; baseline 0.006 -23"><span class='ocrx_word' id='word_1_209' title='bbox 653 4379 741 4443; x_wconf 91' lang='lat' dir='ltr'>pace,</span> <span class='ocrx_word' id='word_1_210' title='bbox 765 4378 839 4442; x_wconf 85' lang='lat' dir='ltr'>quae</span> <span class='ocrx_word' id='word_1_211' title='bbox 862 4356 954 4443; x_wconf 82' lang='lat' dir='ltr'>prius</span> <span class='ocrx_word' id='word_1_212' title='bbox 977 4355 1090 4421; x_wconf 87' lang='lat' dir='ltr'>oblata</span> <span class='ocrx_word' id='word_1_213' title='bbox 1113 4357 1231 4437; x_wconf 84' lang='lat' dir='ltr'>fuerat,</span> <span class='ocrx_word' id='word_1_214' title='bbox 1257 4361 1404 4425; x_wconf 90' lang='lat' dir='ltr'>contenti</span> <span class='ocrx_word' id='word_1_215' title='bbox 1428 4360 1568 4426; x_wconf 82' lang='lat' dir='ltr'>fuissent</span> <span class='ocrx_word' id='word_1_216' title='bbox 1595 4361 1706 4427; x_wconf 82' lang='lat' dir='ltr'>Chris·</span> 
     </span>
     <span class='ocr_line' id='line_1_31' title="bbox 654 4459 1550 4536; baseline 0.007 -11"><span class='ocrx_word' id='word_1_217' title='bbox 654 4459 747 4536; x_wconf 89' lang='lat' dir='ltr'>tiani,</span> <span class='ocrx_word' id='word_1_218' title='bbox 772 4460 836 4525; x_wconf 86' lang='lat' dir='ltr'>nisi</span> <span class='ocrx_word' id='word_1_219' title='bbox 862 4461 977 4526; x_wconf 87' lang='lat' dir='ltr'>insano</span> <span class='ocrx_word' id='word_1_220' title='bbox 1000 4460 1135 4526; x_wconf 83' lang='lat' dir='ltr'>consilio</span> <span class='ocrx_word' id='word_1_221' title='bbox 1158 4461 1205 4526; x_wconf 89' lang='lat' dir='ltr'>eis</span> <span class='ocrx_word' id='word_1_222' title='bbox 1227 4462 1345 4528; x_wconf 87' lang='lat' dir='ltr'>fuisset</span> <span class='ocrx_word' id='word_1_223' title='bbox 1368 4463 1550 4531; x_wconf 88' lang='lat' dir='ltr'>obviatum.</span> 
     </span>
    </p>
   </div>
   <div class='ocr_carea' id='block_1_7' title="bbox 647 4665 1705 5212">
    <p class='ocr_par' dir='ltr' id='par_1_7' title="bbox 647 4665 1705 5212">
     <span class='ocr_line' id='line_1_32' title="bbox 688 4665 1705 4737; baseline 0.005 -21"><span class='ocrx_word' id='word_1_224' title='bbox 688 4669 693 4697; x_wconf 90' lang='lat'><strong>¹</strong></span> <span class='ocrx_word' id='word_1_225' title='bbox 708 4666 822 4732; x_wconf 80' lang='lat' dir='ltr'>Addens]</span> <span class='ocrx_word' id='word_1_226' title='bbox 843 4667 874 4715; x_wconf 90' lang='lat' dir='ltr'>ln</span> <span class='ocrx_word' id='word_1_227' title='bbox 894 4665 937 4716; x_wconf 89' lang='lat' dir='ltr'>the</span> <span class='ocrx_word' id='word_1_228' title='bbox 950 4673 1006 4716; x_wconf 85' lang='lat' dir='ltr'>text</span> <span class='ocrx_word' id='word_1_229' title='bbox 1022 4665 1074 4714; x_wconf 87' lang='lat' dir='ltr'>this</span> <span class='ocrx_word' id='word_1_230' title='bbox 1088 4667 1158 4715; x_wconf 79' lang='lat' dir='ltr'>word</span> <span class='ocrx_word' id='word_1_231' title='bbox 1181 4667 1184 4688; x_wconf 84' lang='lat'>¹</span> <span class='ocrx_word' id='word_1_232' title='bbox 1238 4666 1490 4737; x_wconf 65' lang='grc' dir='ltr'>2Ιενοεοῖἰηιἰίαηιιηι]</span> <span class='ocrx_word' id='word_1_233' title='bbox 1501 4671 1705 4732; x_wconf 85' lang='lat' dir='ltr'>Ierolimitunum,</span> 
     </span>
     <span class='ocr_line' id='line_1_33' title="bbox 654 4743 1261 4810; baseline 0 -14"><span class='ocrx_word' id='word_1_234' title='bbox 654 4748 676 4796; x_wconf 93' lang='lat' dir='ltr'>is</span> <span class='ocrx_word' id='word_1_235' title='bbox 685 4747 798 4807; x_wconf 84' lang='lat' dir='ltr'>omitted,</span> <span class='ocrx_word' id='word_1_236' title='bbox 810 4749 860 4796; x_wconf 88' lang='lat' dir='ltr'>and</span> <span class='ocrx_word' id='word_1_237' title='bbox 871 4747 897 4795; x_wconf 91' lang='lat' dir='ltr'>in</span> <span class='ocrx_word' id='word_1_238' title='bbox 909 4746 952 4795; x_wconf 86' lang='lat' dir='ltr'>the</span> <span class='ocrx_word' id='word_1_239' title='bbox 960 4746 1058 4810; x_wconf 78' lang='lat' dir='ltr'>margin</span> <span class='ocrx_word' id='word_1_240' title='bbox 1069 4761 1120 4795; x_wconf 82' lang='lat' dir='ltr'>was</span> <span class='ocrx_word' id='word_1_241' title='bbox 1133 4752 1158 4794; x_wconf 82' lang='lat' dir='ltr'>et</span> <span class='ocrx_word' id='word_1_242' title='bbox 1181 4743 1183 4802; x_wconf 80' lang='lat' dir='ltr'>l</span> <span class='ocrx_word' id='word_1_243' title='bbox 1204 4748 1261 4796; x_wconf 66' lang='lat' dir='ltr'>MS.</span> 
     </span>
     <span class='ocr_line' id='line_1_34' title="bbox 654 4816 1705 4884; baseline -0.006 -8"><span class='ocrx_word' id='word_1_244' title='bbox 654 4827 709 4880; x_wconf 80' lang='lat' dir='ltr'>first</span> <span class='ocrx_word' id='word_1_245' title='bbox 724 4829 823 4876; x_wconf 77' lang='lat' dir='ltr'>written</span> <span class='ocrx_word' id='word_1_246' title='bbox 844 4834 867 4876; x_wconf 81' lang='lat' dir='ltr'>et</span> <span class='ocrx_word' id='word_1_247' title='bbox 885 4825 998 4884; x_wconf 78' lang='lat' dir='ltr'>diceutes,</span> <span class='ocrx_word' id='word_1_248' title='bbox 1017 4827 1064 4875; x_wconf 91' lang='lat' dir='ltr'>but</span> <span class='ocrx_word' id='word_1_249' title='bbox 1082 4825 1183 4874; x_wconf 74' lang='lat' dir='ltr'>aller-’</span> <span class='ocrx_word' id='word_1_250' title='bbox 1238 4816 1361 4884; x_wconf 56' lang='grc' dir='ltr'>Ἴωνα]</span> <span class='ocrx_word' id='word_1_251' title='bbox 1381 4825 1503 4879; x_wconf 84' lang='lat' dir='ltr'>tenerent,</span> <span class='ocrx_word' id='word_1_252' title='bbox 1527 4818 1583 4871; x_wconf 69' lang='lat' dir='ltr'>MS.</span> <span class='ocrx_word' id='word_1_253' title='bbox 1635 4820 1705 4870; x_wconf 85' lang='lat' dir='ltr'>Corr.</span> 
     </span>
     <span class='ocr_line' id='line_1_35' title="bbox 654 4892 1401 4969; baseline -0.008 -13"><span class='ocrx_word' id='word_1_254' title='bbox 654 4909 736 4956; x_wconf 77' lang='lat' dir='ltr'>wards</span> <span class='ocrx_word' id='word_1_255' title='bbox 748 4908 843 4965; x_wconf 85' lang='lat' dir='ltr'>erased,</span> <span class='ocrx_word' id='word_1_256' title='bbox 863 4907 912 4956; x_wconf 87' lang='lat' dir='ltr'>and</span> <span class='ocrx_word' id='word_1_257' title='bbox 930 4906 1048 4969; x_wconf 81' lang='lat' dir='ltr'>replaced</span> <span class='ocrx_word' id='word_1_258' title='bbox 1066 4905 1101 4969; x_wconf 84' lang='lat' dir='ltr'>by</span> <span class='ocrx_word' id='word_1_259' title='bbox 1113 4903 1158 4953; x_wconf 85' lang='lat' dir='ltr'>ud·</span> <span class='ocrx_word' id='word_1_260' title='bbox 1203 4897 1269 4946; x_wconf 78' lang='lat' dir='ltr'>from</span> <span class='ocrx_word' id='word_1_261' title='bbox 1280 4892 1323 4949; x_wconf 86' lang='lat' dir='ltr'>W.</span> <span class='ocrx_word' id='word_1_262' title='bbox 1332 4898 1363 4948; x_wconf 87' lang='lat' dir='ltr'>B.</span> <span class='ocrx_word' id='word_1_263' title='bbox 1373 4898 1401 4949; x_wconf 86' lang='lat' dir='ltr'>C.</span> 
     </span>
     <span class='ocr_line' id='line_1_36' title="bbox 653 4977 1605 5050; baseline -0.005 -16"><span class='ocrx_word' id='word_1_264' title='bbox 653 4986 743 5036; x_wconf 81' lang='lat' dir='ltr'>deuter.</span> <span class='ocrx_word' id='word_1_265' title='bbox 761 4985 907 5035; x_wconf 79' lang='lat' dir='ltr'>&#39;l&#39;henhole</span> <span class='ocrx_word' id='word_1_266' title='bbox 918 4983 1059 5048; x_wconf 78' lang='lat' dir='ltr'>paragraph</span> <span class='ocrx_word' id='word_1_267' title='bbox 1070 4983 1159 5050; x_wconf 76' lang='lat' dir='ltr'>ought,</span> <span class='ocrx_word' id='word_1_268' title='bbox 1179 5003 1181 5016; x_wconf 87' lang='grc'><strong><em>·</em></strong></span> <span class='ocrx_word' id='word_1_269' title='bbox 1237 4977 1408 5044; x_wconf 81' lang='lat' dir='ltr'>⁴Sarraceai]</span> <span class='ocrx_word' id='word_1_270' title='bbox 1429 4979 1540 5041; x_wconf 75' lang='lat' dir='ltr'>Sacrani,</span> <span class='ocrx_word' id='word_1_271' title='bbox 1549 4979 1605 5032; x_wconf 78' lang='lat' dir='ltr'>MS.</span> 
     </span>
     <span class='ocr_line' id='line_1_37' title="bbox 654 5021 1670 5130; baseline -0.004 -16"><span class='ocrx_word' id='word_1_272' title='bbox 654 5066 810 5130; x_wconf 83' lang='lat' dir='ltr'>apparently,</span> <span class='ocrx_word' id='word_1_273' title='bbox 828 5072 854 5113; x_wconf 84' lang='lat' dir='ltr'>to</span> <span class='ocrx_word' id='word_1_274' title='bbox 869 5063 954 5112; x_wconf 78' lang='lat' dir='ltr'>follow</span> <span class='ocrx_word' id='word_1_275' title='bbox 971 5063 1014 5112; x_wconf 88' lang='lat' dir='ltr'>the</span> <span class='ocrx_word' id='word_1_276' title='bbox 1025 5064 1096 5112; x_wconf 78' lang='lat' dir='ltr'>word</span> <span class='ocrx_word' id='word_1_277' title='bbox 1111 5061 1157 5111; x_wconf 83' lang='lat' dir='ltr'>ad·</span> <span class='ocrx_word' id='word_1_278' title='bbox 1178 5021 1182 5103; x_wconf 83' lang='lat' dir='ltr'>l</span> <span class='ocrx_word' id='word_1_279' title='bbox 1237 5057 1404 5125; x_wconf 77' lang='lat' dir='ltr'>⁵Irumilitote]</span> <span class='ocrx_word' id='word_1_280' title='bbox 1423 5058 1670 5122; x_wconf 60' lang='lat' dir='ltr'>humilitatenit&amp;</span> 
     </span>
     <span class='ocr_line' id='line_1_38' title="bbox 647 5139 998 5212; baseline -0.014 -16"><span class='ocrx_word' id='word_1_281' title='bbox 647 5147 760 5212; x_wconf 82' lang='lat' dir='ltr'>jutcrcru,</span> <span class='ocrx_word' id='word_1_282' title='bbox 773 5144 800 5193; x_wconf 90' lang='lat' dir='ltr'>in</span> <span class='ocrx_word' id='word_1_283' title='bbox 812 5139 855 5193; x_wconf 90' lang='lat' dir='ltr'>the</span> <span class='ocrx_word' id='word_1_284' title='bbox 868 5140 916 5192; x_wconf 83' lang='lat' dir='ltr'>last</span> <span class='ocrx_word' id='word_1_285' title='bbox 927 5157 998 5207; x_wconf 82' lang='lat' dir='ltr'>page.</span> 
     </span>
    </p>
   </div>
   <div class='ocr_carea' id='block_1_8' title="bbox 0 0 2268 6420">
    <p class='ocr_par' dir='ltr' id='par_1_8' title="bbox 0 0 2268 6420">
     <span class='ocr_line' id='line_1_39' title="bbox 0 0 2268 6420; baseline 0 0"><span class='ocrx_word' id='word_1_286' title='bbox 0 0 2268 6420; x_wconf 95' lang='lat' dir='ltr'> </span> 
     </span>
    </p>
   </div>
  </div>
 </body>
</html>
