4517 6425
613 1182 678 1247 220
735 1195 901 1246 narrum
925 1195 1136 1272 raarsrmsrs
1159 1197 1323 1247 srsroam
1345 1196 1544 1249 arenosum.

443 1375 511 1427 an.
526 1381 597 1431 1217.
609 1391 785 1451 conserere,
817 1370 855 1435 in
888 1370 982 1436 brevi
1014 1374 1086 1437 erat
1116 1370 1249 1456 penitus
1278 1371 1455 1439 infirmata
1501 1373 1591 1439 Nam
1621 1372 1664 1439 ab

608 1474 728 1561 Anglis
750 1473 976 1552 bellatoribus,
1000 1473 1095 1539 etin
1117 1474 1244 1539 marino
1275 1475 1394 1562 proelio
1417 1476 1566 1555 eruditis,
1588 1476 1663 1542 telis

608 1576 880 1642 confodiebantur
913 1581 949 1641 et
981 1575 1124 1663 sagittis,
1153 1575 1275 1643 lanceis
1305 1577 1565 1661 perforabantur,
1597 1579 1663 1645 cul-

608 1679 695 1745 tellis
712 1680 963 1768 jugulabantur,
986 1680 1108 1767 gladiis
1139 1680 1401 1763 trucidabantur,
1423 1682 1566 1747 navibus
1588 1705 1661 1770 per-

607 1783 724 1848 foratis
757 1781 1002 1870 mergebantur,
1033 1782 1119 1848 calce
1158 1782 1375 1851 caecabantur.
1429 1785 1512 1871 Spes
1544 1786 1661 1851 auxilii

607 1892 642 1951 et
670 1907 841 1951 succursus
874 1886 1008 1972 penitus
1042 1885 1275 1965 evacuabatur,
1301 1886 1381 1973 luga
1412 1909 1481 1952 non
1515 1888 1660 1976 patebat.

470 2008 473 2015 ’
607 1988 707 2055 Unde
729 1989 895 2069 multius
918 1993 1113 2075 caperentur
1135 1988 1325 2055 cruciandi¹
1349 1989 1393 2055 ab
1413 1991 1566 2057 hostibus
1581 1992 1660 2069 vivi,

606 2113 675 2157 sese
707 2095 823 2178 sponte
856 2092 894 2156 in
927 2092 1028 2157 maris
1062 2091 1220 2157 fluetibus
1253 2092 1469 2179 projecerunt,
1502 2094 1660 2181 eligentes

606 2194 717 2283 potius
738 2194 822 2259 mori
845 2216 945 2280 quam
967 2194 1105 2260 arbitrio
1128 2199 1164 2260 et
1185 2193 1362 2261 voluntate
1384 2197 1521 2262 tractari
1543 2197 1659 2262 adver-

605 2299 773 2375 sariorum,
795 2303 895 2384 prout
924 2298 1007 2364 dicit
1037 2298 1170 2375 Seneca,
1194 2298 1383 2364 “Hostium
1405 2299 1543 2365 arbitrio
1565 2300 1678 2378 mori,.

605 2407 657 2469 est
677 2401 729 2467 bis
751 2399 884 2466 mori.'’²
928 2401 1033 2487 Angli
1063 2400 1169 2487 igitur
1200 2401 1244 2465 ad
1265 2405 1382 2467 votum
1404 2402 1679 2490 triumphantes.

604 2527 707 2571 naves
735 2504 882 2570 hostium
911 2502 1047 2569 funibus
1081 2504 1253 2591 colligatas
1284 2509 1360 2591 post
1394 2526 1428 2571 se
1462 2506 1504 2571 ad
1536 2512 1658 2572 terram

604 2608 790 2685 trahebant,
819 2611 918 2693 atque
951 2628 1025 2671 cum
1058 2606 1230 2673 laetissima
1253 2608 1393 2673 victoria
1415 2631 1528 2673 versus
1551 2609 1659 2675 Dore·

604 2734 676 2777 ram
698 2732 832 2797 aequora
852 2710 1024 2787 sulcantes
1040 2710 1149 2774 Deum
1172 2711 1209 2773 in
1231 2710 1299 2775 suis
1321 2711 1474 2797 operibus
1496 2712 1659 2778 collauda·

605 2815 697 2880 bant.
741 2814 901 2878 Videntes
923 2811 1028 2898 igitur
1050 2818 1221 2900 magnates
1244 2813 1368 2879 ibidem
1388 2819 1601 2900 expectantes
1623 2822 1658 2882 et

606 2916 776 2982 castellani
798 2915 1005 3002 inopinatam
1028 2914 1094 2979 Dei
1117 2915 1287 2994 virtutem,
1304 2922 1338 2982 et
1352 2917 1529 2983 victoriam
1550 2918 1676 2983 mani..

605 3019 687 3084 feste
708 3019 944 3096 miraculosam,
969 3017 1077 3082 Deum
1103 3018 1325 3105 glorificantes
1348 3020 1502 3085 exierunt
1524 3020 1677 3087 obviam.

605 3121 732 3209 Anglis,
758 3126 792 3185 et
817 3120 929 3186 Gallos
950 3121 1144 3187 arctioribus
1166 3121 1308 3187 vinculis
1339 3122 1531 3188 constrictos
1553 3146 1658 3190 carce·

439 3240 549 3304 Capture
604 3225 696 3290 ribus
729 3225 943 3290 intruserunt.
1001 3224 1095 3289 Inter
1128 3228 1254 3290 eeteros
1285 3230 1406 3304 autem,
1446 3226 1486 3292 de
1524 3230 1657 3294 sentina

438 3305 581 3424 ffiffi
604 3328 775 3414 cujusdam
796 3327 893 3392 navis
917 3331 1085 3393 extractus
1108 3332 1159 3392 est
1182 3328 1240 3393 diu
1263 3330 1422 3413 quaesitus
1451 3335 1486 3395 et
1512 3332 1656 3397 multum

436 3440 593 3491 ‘suenone’
604 3431 807 3497 desideratus
822 3430 1019 3495 Eustachius
1036 3430 1227 3510 Monachus,
1254 3432 1404 3517 proditor
1425 3434 1511 3520 regis
1526 3435 1657 3522 Angliae

604 3539 639 3600 et
663 3533 772 3620 pirata
802 3532 1028 3618 nequissimus
1085 3532 1168 3597 Erat
1198 3537 1309 3597 autem
1341 3533 1397 3598 ille
1420 3533 1678 3602 Flandrensis³.

603 3637 748 3713 natione,
771 3642 806 3702 et
827 3636 1006 3721 aliquando
1039 3634 1191 3700 habitum
1221 3634 1391 3721 religionis
1412 3639 1569 3722 portavit,
1598 3640 1675 3704 sed.

603 3763 662 3827 pro
685 3740 869 3805 hereditate
895 3738 1130 3824 consequenda,
1154 3737 1312 3803 fratribus
1343 3739 1410 3803 suis
1443 3740 1514 3805 sine
1543 3740 1674 3806 liberis.

603 3842 819 3929 praemortuis,
835 3841 949 3906 relicto
974 3839 1091 3905 habitu
1113 3844 1148 3905 et
1171 3840 1284 3905 ordine
1300 3862 1368 3919 suo,
1385 3846 1634 3927 apostataverat
1647 3868 1670 3923 ;.

604 3952 639 4012 et
672 3949 795 4011 extunc
815 3945 960 4009 existens
984 3943 1094 4029 pirata
1116 3947 1151 4007 et
1170 3942 1355 4028 piratarum
1378 3944 1543 4030 magister,
1569 3947 1672 4009 mul·.

603 4047 649 4113 tis
671 4044 895 4132 dampnosus⁴
918 4050 953 4109 et
980 4049 1136 4109 cruentus
1159 4045 1280 4131 praedis
1303 4045 1444 4110 indulsit
1466 4051 1500 4111 et
1520 4048 1672 4134 rapinis..

604 4150 671 4215 Sed
699 4149 835 4214 tandem
857 4147 968 4234 praedo
998 4148 1110 4234 praeda
1140 4147 1406 4228 sacrosanctus
1429 4148 1561 4236 collegit
1584 4149 1671 4215 via.

602 4273 677 4318 rum
703 4272 844 4316 suarum.
900 4248 987 4329 Quia
1017 4249 1243 4336 prodigialiter
1273 4249 1480 4337 diffiguratus
1511 4252 1553 4317 de
1587 4253 1823 4318 im0.s01.1oso.

603 4359 770 4420 extractus
804 4358 839 4417 et
872 4351 1014 4439 agnitus,
1049 4353 1212 4418 adductus
1248 4358 1299 4418 cst
1334 4374 1443 4418 eoram
1469 4354 1673 4442 Anglorum.

602 4455 832 4544 magnatibus3
858 4455 982 4542 optulit
1014 4477 1074 4542 pro
1096 4455 1169 4520 vita
1202 4477 1264 4520 sua
1292 4459 1328 4520 et
1353 4455 1508 4522 membris
1530 4458 1673 4525 inaesti.

988 4642 1047 4648 *0—
1055 4642 1164 4648 --*...-
1170 4643 1373 4651 --..-—---

637 4753 643 4781 ¹
656 4755 800 4815 repnentur
816 4746 957 4813 meana]
971 4746 1061 4811 Partly
1073 4762 1106 4795 on
1153 4748 1231 4798 urion
1243 4750 1360 4813 repeated
1370 4755 1397 4798 at
1407 4750 1449 4798 sol.
1465 4756 1512 4800 144
1524 4750 1546 4811 t,
1556 4753 1602 4803 but
1612 4753 1655 4804 the

603 4845 635 4880 an
647 4843 754 4880 erasure.
1152 4841 1257 4893 passage
1274 4829 1333 4877 does
1344 4836 1389 4878 not
1405 4845 1481 4879 occur
1493 4831 1520 4880 iu
1538 4830 1655 4883 Seneea'a

636 4910 730 4974 ²prout
747 4944 753 4958 .
770 4945 778 4959 .
795 4943 803 4958 .
821 4905 858 4955 his
868 4905 942 4970 mora]
970 4903 1064 4954 Added
1079 4904 1106 4953 in
1152 4906 1243 4957 works.

603 5003 682 5052 marg.
717 4987 815 5039 Seneca
837 4985 859 5036 is
880 4985 933 5035 also
952 4983 1061 5033 referred
1080 4992 1107 5032 ta
1185 4983 1547 5052 'Flaadreaaie]1nterliued.

604 5068 631 5117 in
655 5067 685 5116 B.
705 5065 735 5117 C.
756 5066 824 5126 thus,
842 5062 983 5113 “Arbitrio
1010 5062 1106 5112 inimici
1186 5065 1364 5132 ιἀαηιρηοειιιε]
1384 5069 1517 5132 dapuosus,
1530 5069 1586 5120 MS.

604 5146 677 5206 mori,
695 5155 733 5197 est
748 5145 788 5196 bis
805 5144 895 5207 mori,”
913 5144 963 5193 and
982 5142 1025 5193 the
1046 5158 1107 5207 quo·
