4517 6425
785 1178 833 1228 nn
855 1178 1016 1228 rmrronn
1038 1179 1141 1229 aneis
1163 1179 1346 1231 rounrrrs.
1552 1170 1593 1235 91

517 1354 663 1419 ·honoro
684 1356 719 1418 et
740 1352 873 1419 indiciis
895 1353 1033 1421 alternae
1049 1355 1160 1421 dileot'
1135 1358 1257 1435 moniis,
1274 1362 1343 1422 tam
1360 1357 1480 1423 Franci
1496 1380 1597 1444 quam
1609 1366 1678 1417 A..D
1693 1371 1765 1418 1201.

540 1455 652 1542 Angli.
707 1454 874 1523 Reoedens
908 1462 1022 1522 autem
1056 1459 1143 1535 inde,
1176 1481 1237 1525 rex
1270 1458 1293 1527 J
1296 1461 1469 1547 [ohannes]
1502 1461 1652 1577 νθιιὶιξ
1647 1469 1765 1580 cudo?

543 1558 735 1631 chinonem.

879 1770 1020 1861 Scripta
1033 1773 1135 1861 fiant
1151 1774 1261 1863 paria

362 1935 531 2015 nepvvma
588 1920 778 2006 Eodemque
799 1927 956 2010 tempore,
978 1927 1018 1987 ut
1040 1944 1106 2009 pax
1126 1923 1252 1989 firmior
1275 1924 1476 2012 interreges
1498 1923 1706 1997 habe-noo

386 2018 425 2055 ¹¹¹·
440 2008 501 2055 666·
542 2027 644 2103 retur,
673 2028 838 2090 statutum
870 2029 921 2090 est
947 2029 982 2089 ot
1015 2026 1147 2112 scriptis
1176 2026 1416 2105 confirmatum,
1441 2028 1538 2112 quod,
1570 1998 1730 2116 Sippara

543 2146 605 2191 rex
621 2124 823 2191 Franoomm
846 2148 960 2214 paoem
982 2127 1019 2191 in
1042 2128 1154 2215 aliquo
1176 2128 1354 2194 violaverit
1376 2129 1598 2215 praelocutam,
1610 2132 1767 2185 Franoeand

543 2228 683 2294 barones
699 2228 740 2294 do
754 2250 856 2316 regno
871 2229 1082 2310 Francorum,
1099 2252 1181 2316 quos
1204 2252 1264 2296 rex
1286 2231 1516 2315 fidejussores'
1506 2253 1599 2297 inve-
1611 2198 1736 2266 6666666

543 2337 648 2409 norat,
664 2331 764 2396 soluti
780 2336 889 2397 essent
904 2354 925 2396 a
938 2332 1100 2399 fidelitate
1116 2334 1196 2419 ejus,
1213 2339 1248 2400 et
1262 2335 1415 2400 venirent
1430 2335 1473 2400 ad
1489 2357 1599 2423 regem

543 2433 737 2520 Anglorum
761 2435 804 2499 ad
827 2436 1087 2522 expugnandum
1108 2459 1219 2523 regem
1236 2438 1446 2518 Francorum,
1463 2444 1498 2504 et
1513 2460 1599 2503 oom-

542 2537 732 2623 pellendum
747 2559 822 2603 eum
838 2538 881 2602 ad
896 2560 1009 2625 paoem
1027 2538 1248 2626 praelocutam.
1295 2540 1486 2627 Eodemque
1500 2540 1598 2606 modo

542 2638 667 2705 factum
689 2644 740 2707 est
762 2661 805 2705 ex
828 2646 924 2727 parte
945 2641 1033 2728 regis
1054 2642 1249 2728 Anglorum.

829 2913 1046 3000 Tempestate
1068 2912 1315 3001 siqaijiootiooe.

360 3069 532 3152 appwmd
590 3060 665 3126 Hoo
698 3064 811 3126 autem
851 3082 938 3126 anno
973 3063 1147 3128 horrendae
1185 3066 1405 3150 tempestates,
1438 3060 1598 3142 tonitrua,
1611 3064 1766 3144 Atmosphe·

384 3138 503 3190 66666
544 3163 813 3243 chonmoationes,
850 3164 1027 3252 grandines
1064 3170 1099 3230 et
1137 3164 1327 3253 pluviarum
1364 3164 1599 3231 inundationes
1589 3113 1727 3254 6631386118

544 3272 636 3333 ment
638 3289 671 3332 es
621 3266 864 3333 thominum
895 3273 1137 3346 concussenmt
1161 3272 1196 3333 et
1226 3269 1369 3357 dampna
1392 3268 1499 3334 midta
1520 3268 1599 3334 locis

544 3371 698 3459 plurimis
722 3370 920 3436 intulerunt.

603 3645 790 3732 Colliprtar
807 3646 961 3733 pwaaio
983 3645 1032 3712 od
1054 3664 1255 3712 remearem
1272 3647 1382 3713 Terra
1404 3645 1544 3715 semro.

361 3800 536 3870 Boawend
592 3794 638 3860 Et
664 3795 779 3861 eodem
809 3801 964 3882 tempore,
988 3795 1032 3860 ad
1055 3793 1253 3860 instantiam
1276 3794 1463 3862 Innocentii
1493 3818 1597 3884 papae,
1611 3810 1764 3877 Taxgrant

389 3872 431 3924 iii.
447 3872 511 3921 ¹⁶⁷
547 3919 698 3964 concessa
720 3902 756 3963 et
779 3898 858 3963 data
880 3903 929 3963 ost
944 3898 1003 3964 xla.
1028 3920 1104 3986 pars
1124 3898 1316 3964 reddituum
1339 3898 1486 3964 omnium
1501 3900 1600 3966 eoele
1611 3879 1744 3996 {galleffi

547 4000 670 4067 siarum
692 4000 736 4065 ad
758 4001 1023 4066 subveniendum
1038 4001 1147 4066 Terrae
1163 4001 1302 4067 Sanctae
1348 4002 1431 4066 Ett
1417 4008 1486 4067 tam
1508 4024 1600 4089 mag·
1611 4012 1653 4062 ain
1664 4013 1752 4064 ofthe

546 4109 642 4170 nates
664 4126 764 4190 quam
788 4104 905 4192 plebei,
930 4104 987 4191 qui
1015 4105 1118 4169 crucis
1142 4104 1346 4191 signaculum
1373 4105 1599 4192 deposuerant,
1611 4079 1765 4146 66666666

548 4206 753 4273 districtione
790 4206 970 4293 apostoliea
1006 4227 1170 4272 resumere
1208 4213 1287 4271 sunt
1323 4207 1502 4294 compulsi3
1538 4208 1599 4273 hoo

526 4309 765 4375 ·tolerantibus
796 4308 937 4395 regibus,
969 4331 1010 4374 ne
1040 4308 1099 4394 qui
1129 4307 1323 4397 indigebant
1356 4310 1393 4374 in
1421 4331 1499 4398 paee
1528 4332 1599 4376 sus-

358 4430 406 4483 sol.
424 4425 499 4480 876.
526 4417 652 4500 poeta,
668 4411 793 4477 auxilio
815 4411 925 4499 papali
949 4411 1212 4477 destituerentur.
1261 4411 1343 4494 Quas
1366 4418 1600 4500 argumentosa

526 4513 694 4581 ‚extorsio
733 4537 791 4602 per
833 4513 962 4579 futuros
1001 4519 1138 4581 eventus
1185 4515 1258 4581 Deo
1298 4516 1443 4582 ereditur
1486 4518 1599 4606 displi-

526 4656 537 4678 .
549 4615 672 4685 ouisse.¹

584 4870 693 4932 ¹Quae.
718 4908 724 4921 .
751 4869 941 4937 .dirplicuiore]
968 4870 1052 4922 These
1099 4872 1172 4922 Paris
1184 4872 1245 4923 wilh
1254 4873 1297 4923 the
1308 4874 1378 4922 word
1386 4876 1401 4902 “
1409 4872 1505 4922 vaeat''
1513 4872 1597 4923 inred

550 4953 633 5003 words
660 4965 703 5003 aro
731 4951 836 5002 marked
863 4952 900 5017 by
926 4950 1049 5003 Matthew
1099 4952 1203 5012 letters3
1219 4951 1347 5003 andinF.
1361 4950 1596 5016 theyareomitted.
