4517 6425
615 1186 680 1249 386
736 1197 900 1247 uamnnr
924 1196 1137 1246 raarsrnrsrs
1158 1194 1324 1245 rnsroara
1345 1194 1550 1246 arenosum

449 1380 518 1432 aa).
533 1386 736 1458 rasascopos,
759 1376 794 1436 et
814 1373 952 1437 fratrem
983 1371 1168 1436 Robertum
1195 1370 1236 1435 de
1263 1369 1433 1449 Sansorde,
1465 1368 1666 1455 Magistrum

615 1473 744 1539 militiae
767 1472 903 1560 Templi,
926 1472 1006 1538 illuc
1028 1470 1231 1538 destinavit¹
1279 1470 1346 1552 Qui
1367 1471 1596 1563 favorabiliter
1618 1490 1670 1533 re-

614 1575 711 1662 cepti,
729 1597 790 1641 nec
811 1576 960 1663 aliquam
981 1575 1019 1640 in
1036 1575 1198 1661 petitione
1219 1596 1281 1640 sua
1303 1575 1469 1661 patientes
1491 1572 1670 1660 repulsam,

615 1682 830 1743 memoratam
861 1677 1006 1763 puellam
1036 1677 1215 1763 speciosam
1237 1682 1274 1743 et
1295 1681 1396 1743 aetate
1426 1675 1492 1742 fere
1522 1673 1669 1743 duoden-
1749 1690 1756 1704 ·

617 1802 695 1845 nem
727 1801 840 1844 versus
871 1778 1031 1865 Angliam
1065 1780 1250 1865 gaudenter
1278 1779 1494 1844 reduxerunt.
1542 1777 1588 1841 Et
1616 1776 1669 1840 in-

619 1886 748 1946 trantes
777 1880 927 1946 marein
952 1886 1052 1966 portu
1082 1879 1252 1958 Sanwici?
1275 1880 1319 1945 ad
1348 1886 1484 1967 portum
1515 1878 1671 1944 Doveriae

449 1991 501 2043 She
512 1992 535 2041 is
583 2040 586 2045 .
621 2004 772 2070 prospere
792 1988 1021 2068 pervenenmt.
1065 1982 1111 2047 Et
1130 1982 1344 2048 Cantuariam
1362 1982 1477 2048 venire
1497 2002 1672 2069 properan-

448 2057 593 2174 fflffilffl
622 2084 722 2166 tibus,
758 2085 900 2151 occurrit
932 2107 1012 2166 rex3
1036 2091 1080 2165 et,
1115 2085 1189 2150 visa
1222 2086 1333 2172 puella
1366 2085 1495 2171 sibique
1529 2088 1670 2169 accepta,

449 2192 516 2255 bury
528 2192 580 2240 anu
624 2187 713 2274 apud
736 2187 952 2254 Cantuariam
978 2188 1115 2252 eandem
1146 2186 1380 2274 desponsavit,³
1402 2186 1545 2252 officium
1566 2184 1671 2250 archi·

447 2259 773 2390 affigam
796 2290 1027 2357 catanensi
1058 2289 1245 2370 numam,
1276 2289 1376 2355 sima
1408 2311 1483 2355 cum
1515 2288 1673 2375 episeopis

624 2394 682 2479 qui
715 2392 921 2457 advenerant
951 2413 1026 2457 cum
1059 2391 1131 2478 ipsa
1164 2392 1274 2479 puella
1304 2397 1339 2457 et
1371 2392 1455 2472 aliis,
1486 2393 1670 2478 peragente,
1751 2432 1757 2444 ·

477 2503 578 2555 14Jan.
623 2492 706 2561 xix⁰.
728 2494 889 2559 kalendas
916 2493 1098 2559 Februarii
1146 2493 1401 2574 Quartodecimo
1424 2498 1537 2559 autem
1559 2492 1672 2557 kalen-

477 2605 506 2648 19
518 2599 578 2651 Jm
623 2597 682 2663 das
704 2595 872 2682 ejusdem⁴
894 2596 988 2663 venit
1011 2596 1164 2662 dominus
1186 2618 1248 2662 rex
1267 2596 1310 2661 ad
1330 2595 1672 2673 westmonasterium,

451 2704 579 2770 rheyarc
623 2705 658 2767 et
680 2701 717 2763 in
738 2700 890 2778 crastino,
912 2699 1036 2764 scilicet
1058 2698 1112 2764 die
1136 2698 1318 2777 Dominica,
1343 2698 1468 2765 ibidem
1491 2694 1588 2763 cum⁶
1610 2697 1673 2762 sol-

449 2774 604 2889 ibffffiit
622 2802 818 2888 lempnitate
854 2801 1008 2866 inaudita
1037 2801 1186 2888 portavit
1219 2823 1279 2866 rex
1308 2822 1480 2877 coronam3
1520 2806 1555 2865 et
1585 2820 1674 2864 coro-

449 2913 508 2955 ster.
623 2909 705 2969 nata
726 2909 776 2969 est
798 2905 913 2989 regina
932 2900 1097 2969 Alienora.
1143 2904 1189 2969 Et
1211 2903 1257 2969 sic
1280 2903 1477 2991 desponsata
1500 2903 1565 2967 fuit
1587 2901 1673 2968 (lan-

475 3027 507 3071 so
519 3020 580 3073 Jan.
624 3006 763 3086 tuariae3
781 3006 909 3092 nuptiae
925 3027 1002 3072 vero
1017 3006 1191 3072 celebratae
1207 3005 1397 3088 Loudoniis,
1413 3006 1469 3071 die
1487 3011 1673 3071 sanctorum

621 3107 766 3174 'Fabiani
789 3114 823 3174 et
846 3106 1044 3175 Sebastiani.

783 3396 979 3485 Imperator
1000 3395 1099 3464 misit
1115 3419 1185 3485 pro
1208 3396 1326 3464 remim
1347 3395 1509 3464 Ricardo.

454 3542 587 3660 ἓξὲξ
668 3543 905 3611 Consummato
927 3550 1041 3610 autem
1066 3547 1191 3633 gaudio
1217 3546 1369 3633 nuptiali,
1394 3568 1454 3611 rex
1476 3546 1630 3612 recedens
1653 3569 1673 3611 a

454 3675 564 3726 bleathe
622 3647 803 3715 Londoniis
825 3649 920 3714 venit
943 3649 1158 3730 Meretonam,
1182 3655 1222 3714 ut
1244 3649 1292 3714 ibi
1315 3651 1462 3715 revocati
1492 3654 1672 3736 magnates,

454 3744 580 3860 megae
620 3752 739 3817 audito
760 3752 886 3816 recenti
916 3751 1125 3839 imperatoris
1155 3752 1322 3829 mandato,
1346 3773 1413 3816 una
1439 3774 1513 3816 cum
1536 3774 1611 3839 rege
1635 3753 1676 3816 de

456 3892 573 3941 Messon·
624 3855 719 3940 regni
740 3855 883 3941 negotiis
906 3858 1160 3920 contrectarent.
1206 3855 1332 3919 Nuncii
1354 3856 1442 3919 enim
1468 3855 1510 3919 ab
1533 3855 1675 3942 impera·

410 3973 414 3978 .
456 3958 595 4074 {ffiim
624 3958 698 4020 tore
731 3955 849 4020 directi
879 3955 924 4020 ad
955 3977 1066 4042 regem
1100 3957 1280 4035 venientes,
1315 3956 1421 4021 eidem
1459 3978 1534 4022 curn
1567 3958 1679 4022 liberis.

457 4105 533 4153 peror
623 4058 783 4122 mandata
812 4056 1011 4137 detulerunt,
1042 4064 1082 4124 ut
1111 4058 1237 4123 scilicet
1266 4058 1418 4123 dominus
1449 4080 1508 4123 rex
1537 4059 1674 4125 fratrem

456 4158 605 4236 arrivade-
624 4181 722 4223 suum
752 4160 932 4225 Ricardum
954 4162 997 4225 ad
1023 4161 1133 4247 ipsum
1163 4160 1396 4247 imperatorem
1426 4159 1584 4226 mittere⁶
1606 4184 1675 4226 non

456 4226 581 4341 ffidffi
626 4260 782 4338 differret,
804 4267 844 4326 ut
869 4261 1045 4349 stipendiis
1074 4261 1301 4349 imperialibus
1331 4262 1491 4327 militaret
1521 4246 1677 4348 potenter

456 4357 589 4476 fflgffiffibe
626 4384 725 4449 super
746 4358 855 4450 regem
874 4364 1097 4446 Francorum3
1117 4363 1237 4451 etipse
1256 4364 1437 4453 imperator
1454 4365 1542 4430 vires
1564 4387 1676 4432 omnes

455 4497 513 4540 sent
523 4506 584 4542 ΟῚΕΓ

456 4564 484 4607 ω
494 4556 558 4610 him·
659 4577 666 4605 ¹
684 4574 826 4642 derdnooit]
845 4576 901 4626 The
918 4576 967 4627 last
982 4575 1121 4642 syllableis
1171 4576 1298 4642 placinga
1314 4577 1373 4643 ring
1385 4592 1418 4626 on
1431 4577 1474 4627 the
1485 4576 1539 4627 first
1550 4577 1632 4643 finger
1649 4579 1680 4628 of

626 4670 824 4708 onaneraaure.
1171 4655 1217 4707 her
1235 4656 1305 4722 right
1320 4657 1395 4707 hand.
1430 4657 1522 4707 Abore
1538 4657 1582 4707 the
1599 4657 1676 4708 herda

658 4737 668 4765 ¹
682 4734 805 4803 sanam]
825 4735 881 4787 The
893 4736 965 4787 letter
977 4736 1031 4786 wis
1049 4752 1081 4785 on
1093 4752 1126 4786 an
1172 4752 1215 4786 are
1226 4736 1292 4787 their
1302 4752 1389 4788 names
1397 4737 1424 4785 in
1435 4738 1481 4787 red
1491 4738 1586 4801 letters,
1598 4737 1676 4788 “Ber

626 4829 733 4865 erasure.
756 4815 788 4865 In
799 4815 830 4865 B.
842 4814 978 4873 Santwicr'5
991 4815 1030 4875 0.,
1042 4814 1126 4864 Sand-
1172 4814 1297 4866 Hearicus
1308 4815 1364 4867 111.
1399 4815 1547 4867 Alienoro.”

625 4895 688 4944 wiri.
708 4893 996 4959 'l'heplaceintendedis
1008 4893 1123 4946 Witsoar.
1206 4895 1342 4962 ‘rrjmdcm
1372 4897 1428 4948 The
1449 4897 1497 4949 last
1519 4897 1629 4962 syllable
1651 4898 1675 4947 is

658 4973 759 5024 ’Inthe
766 4973 866 5039 margin
874 4974 986 5039 opposite
993 4976 1125 5026 aredrarm
1173 4975 1314 5027 interlined.

624 5059 675 5103 two
685 5052 778 5118 figures
786 5052 960 5119 representing
970 5053 1012 5104 the
1024 5054 1088 5120 king
1098 5055 1126 5104 in
1206 5057 1292 5122 ἐιιηι]
1312 5056 1405 5108 Added
1415 5057 1443 5106 in
1454 5071 1533 5122 marg.

624 5131 668 5182 the
687 5139 729 5184 act
745 5133 777 5184 of
788 5132 925 5199 eapoudng
942 5133 1075 5199 Munera,
1093 5137 1128 5201 by
1206 5136 1330 5203 Μέτωνα]
1349 5135 1442 5188 Added
1453 5137 1481 5189 in
1491 5152 1571 5203 marg.
