4517 6425
646 1146 711 1209 344
772 1157 940 1207 urrrnnr
963 1158 1176 1207 rnnrsmusrs
1200 1158 1363 1207 nrsroam
1385 1158 1587 1207 sunnonem

477 1341 547 1393 ΑΙ).
562 1346 634 1391 12³2·
647 1354 776 1418 ponere,
810 1319 850 1397 ut
879 1331 938 1395 iila
971 1332 1220 1418 corrigerentur,
1254 1332 1342 1417 quod
1379 1332 1485 1397 facore
1519 1329 1698 1395 tenebatur
1708 1339 1869 1418 fleamus.

646 1435 774 1499 ratione
807 1425 905 1498 officii
935 1436 986 1498 sui
1016 1435 1058 1498 ad
1090 1434 1315 1518 justiciarium
1345 1434 1551 1520 pertinentis.
1598 1432 1696 1508 Item,
1735 1413 1843 1460 ΝΜ·

647 1536 688 1600 de
703 1558 782 1622 pace
798 1536 892 1621 regis,
909 1535 1052 1621 qualiter
1075 1537 1120 1600 sit
1141 1536 1316 1612 custodita
1332 1542 1402 1599 tam
1418 1557 1534 1599 versus
1549 1534 1697 1599 homines

574 1633 576 1640 ’
646 1643 743 1703 terrae
774 1660 842 1703 suae
872 1637 1011 1723 Angliae,
1043 1638 1226 1716 Hiberniae,
1249 1637 1434 1702 Wasconiae
1465 1643 1499 1700 e't
1530 1635 1697 1712 Pictaviae,

647 1762 746 1825 quam
776 1740 859 1804 alios
888 1745 1072 1805 extraneos
1119 1740 1215 1818 Item,
1246 1739 1286 1804 de
1316 1739 1483 1825 scutagiiS,
1510 1737 1698 1824 oaruoagiis,

647 1843 742 1907 donis
764 1848 798 1906 et
821 1842 936 1919 xeniis,
960 1842 1030 1907 sive
1053 1842 1279 1907 custodiarum
1302 1840 1456 1918 exitibus,
1472 1840 1698 1926 spectantibus

647 1945 690 2009 ad
712 1965 874 2021 coronam,
889 1944 970 2029 quid
991 1944 1068 2009 inde
1091 1949 1202 2009 actum
1226 1944 1278 2009 sit.
1326 1943 1423 2019 Item,
1440 1944 1481 2007 de
1504 1941 1698 2028 maritagiis‚

647 2067 721 2131 quae
750 2068 809 2110 rex
840 2046 1010 2111 dohannes
1041 2045 1170 2111 dimisit
1201 2046 1236 2109 iu
1267 2045 1417 2111 custodia
1442 2043 1554 2130 ipsius,
1573 2044 1614 2107 in
1645 2044 1698 2108 die

647 2170 713 2233 quo
736 2148 828 2227 obiit,
852 2147 950 2212 etde
973 2148 1046 2213 aliis
1070 2148 1257 2234 maritagiis
1288 2146 1352 2211 sibi
1383 2146 1525 2227 traditis
1550 2151 1698 2232 temporo

646 2271 713 2315 suo.

987 2469 1177 2556 Responsio
1200 2469 1354 2537 Haterii.

692 2623 747 2688 Ad
777 2622 848 2688 baec
877 2623 1047 2708 respondit
1082 2622 1254 2687 Hubertus
1283 2624 1361 2709 regi,
1391 2623 1479 2709 quod
1509 2624 1614 2709 patris
1644 2623 1868 2712 suiBog.Wend

549 2736 556 2749 '
646 2724 765 2789 habuit
788 2724 933 2803 cartam,1
958 2747 1032 2810 quae
1055 2725 1162 2810 ipsum
1185 2725 1328 2790 absolvit
1345 2725 1388 2789 ab
1411 2725 1501 2789 omni
1525 2725 1696 2790 ratiocinio
1732 2715 1767 2750 ι’·
1780 2706 1839 2752 ²⁴⁸·

646 2827 687 2891 de
717 2824 815 2889 rebus
845 2826 1008 2911 perceptis
1037 2833 1071 2890 et
1101 2827 1322 2913 percipiendis
1351 2827 1393 2892 de
1422 2827 1585 2898 thesauris
1599 2820 1696 2906 'suis3

645 2928 702 3012 qui
734 2918 804 3011 ejus
841 2927 1037 2991 fidelitatem
1074 2927 1110 2990 in
1148 2932 1280 2992 tantum
1318 2935 1475 3013 expertus
1513 2935 1570 3003 est,
1609 2929 1698 3013 quod

646 3028 757 3093 noluit
771 3027 814 3091 ab
829 3028 945 3092 eodem
960 3030 1075 3094 audire
1090 3030 1309 3096 ratiocinium.
1355 3030 1448 3094 Tunc
1465 3030 1553 3095 dixit
1569 3030 1698 3111 Petrus,

648 3129 889 3195 Wintoniensis
919 3130 1096 3217 episcopus,
1121 3131 1210 3217 quod
1241 3132 1319 3196 talis
1349 3137 1441 3204 carta
1471 3138 1546 3217 post
1570 3132 1699 3196 obitum

646 3235 733 3320 regis
756 3232 921 3297 «Iohannis
950 3255 1019 3298 non
1048 3233 1194 3299 habebat
1224 3235 1393 3320 vigorem;
1424 3235 1512 3298 unde
1536 3234 1579 3297 ad
1609 3234 1698 3300 hunc

647 3357 757 3422 regem
790 3356 858 3399 non
892 3336 1057 3422 pertinere
1091 3337 1263 3423 proposuit
1301 3337 1342 3401 dc
1374 3342 1464 3400 carta
1498 3337 1602 3421 patris
1636 3336 1696 3415 sui,

647 3438 727 3524 quin
748 3437 910 3501 rationem
925 3438 1038 3523 exigat
1056 3438 1097 3502 de
1121 3437 1297 3524 praedictis.
1333 3438 1416 3503 Haec
1435 3436 1584 3522 quidem²
1603 3439 1696 3523 quasi

645 3540 733 3605 levia
755 3541 906 3624 quaedam
929 3544 1016 3614 sunt,
1039 3540 1081 3604 de
1107 3540 1228 3624 quibus
1252 3561 1313 3604 rex
1335 3540 1498 3604 rationem
1522 3540 1628 3625 exigit
1654 3541 1697 3606 ab

646 3642 809 3720 Huberto,
848 3641 885 3704 in
925 3641 1045 3726 quibus
1090 3641 1179 3706 idem
1223 3642 1427 3726 H[ubertus]
1467 3642 1618 3727 arguitur
1655 3643 1697 3708 de

646 3745 782 3809 crimine
805 3743 1001 3808 multiformi
1023 3744 1204 3808 enormiter
1225 3742 1312 3809 laesae
1334 3744 1526 3829 majestatis.

942 4031 1124 4098 Eoecetsotc'o
1147 4031 1306 4097 tribulati
1329 4031 1403 4118 pia.

473 4200 596 4267 Apology
692 4185 759 4249 Sed
786 4184 864 4270 quia
885 4185 922 4247 in
945 4183 996 4247 ira
1017 4183 1177 4270 propositi
1208 4187 1287 4247 sunt
1317 4182 1448 4246 articuli
1471 4187 1585 4248 contra
1607 4205 1716 4264 eum„

475 4269 618 4384 offambyr
648 4291 682 4352 et
712 4286 838 4350 inimici
869 4285 953 4370 ejus,
964 4287 1093 4368 judices
1122 4290 1227 4363 eraut,
1249 4284 1476 4349 nonarbitror
1513 4285 1588 4349 illos
1620 4285 1713 4357 fore,

475 4335 633 4453 ibeffdblira
644 4389 837 4454 recitandos.
885 4388 1064 4452 Praedictus
1085 4388 1172 4451 enim
1193 4386 1366 4451 Hubertus
1389 4392 1459 4451 tam
1482 4387 1715 4458 laudabiliter.

644 4513 679 4556 se
702 4491 805 4579 gessit
827 4490 976 4554 obsessus
998 4491 1035 4553 in
1057 4494 1166 4554 castro
1188 4490 1229 4553 de
1260 4488 1403 4570 Chinun,
1426 4496 1461 4554 et
1487 4490 1637 4556 obsessus
1659 4491 1717 4561 in.

645 4598 753 4658 castro
784 4593 825 4657 de
855 4591 995 4668 Dovera,
1027 4597 1062 4656 et
1091 4590 1129 4654 in
1159 4589 1272 4656 navali
1301 4590 1389 4657 bello
1419 4592 1457 4656 in
1481 4593 1575 4671 mari,
1597 4599 1632 4658 et
1658 4594 1716 4662 in.

646 4695 815 4762 obsidione
837 4696 878 4760 de
908 4694 1080 4772 Bedeford,
1114 4715 1174 4780 pro
1204 4715 1280 4781 rege
1318 4699 1352 4759 et
1383 4716 1493 4782 regno,
1518 4696 1607 4780 quod
1638 4695 1717 4762 illa.

645 4798 732 4863 bona
755 4819 866 4863 omnes
887 4796 991 4861 malas
1011 4796 1211 4881 objectiones
1233 4797 1352 4861 merito
1370 4796 1492 4861 debent
1515 4797 1706 4868 absorbere..

1122 4963 1235 4970 -—
1366 4964 1693 4974 .-.....-—--—-—-

679 5074 686 5103 ¹
704 5072 790 5141 tabuit
800 5072 907 5137 sermm]
923 5072 962 5123 On
975 5087 1007 5121 an
1018 5086 1126 5121 erasure.
1174 5069 1179 5138 Ι
1226 5072 1236 5101 ²
1252 5069 1359 5135 quidem]
1378 5069 1486 5134 quidam.
1498 5071 1555 5122 MS.
