4517 6425
662 1145 727 1209 294
788 1157 953 1207 ulmum
977 1157 1190 1207 rsursmrsrs
1213 1156 1376 1208 ursroare
1398 1155 1599 1208 maeoseu.

494 1346 794 1404 A.D.1tat.causam
809 1332 1000 1413 refundunt,
1024 1338 1058 1399 et
1080 1336 1249 1399 auctorem
1271 1333 1380 1419 ipsum
1406 1330 1579 1400 affirmant
1625 1332 1715 1399 Nam

495 1444 628 1495 hastato
664 1437 817 1523 deinceps
847 1440 946 1501 tanta
982 1435 1051 1523 regi
1084 1435 1312 1502 familiaritate
1349 1435 1545 1522 conjunctus
1578 1441 1638 1516 est,
1676 1440 1716 1501 ut

494 1511 536 1563 ’ἢ
664 1561 776 1605 omnes
797 1539 894 1624 regni
916 1538 1118 1604 consiliarios
1140 1543 1262 1625 praeter
1282 1540 1392 1625 ipsum
1405 1561 1466 1626 pro
1488 1538 1596 1604 nihilo
1618 1560 1715 1626 repu-

606 1645 608 1649 ’
664 1647 760 1709 taret
821 1640 969 1707 Huberti
991 1641 1096 1728 igitur
1117 1663 1239 1707 nomen
1261 1641 1385 1707 factum
1408 1646 1460 1708 est
1482 1663 1618 1708 exosum
1648 1663 1733 1707 om·-

664 1743 772 1824 nibus,
805 1748 839 1810 et
872 1743 1139 1832 imprecabantur
1165 1745 1196 1808 ei
1227 1765 1350 1824 omnes,
1384 1749 1539 1832 optantes
1569 1744 1734 1830 ejusdem.

664 1851 805 1912 mortem
828 1852 863 1911 et
885 1846 1128 1927 confirsionem3
1162 1851 1196 1911 et
1227 1851 1267 1911 ut
1288 1846 1375 1933 regis
1397 1846 1511 1912 odium
1533 1847 1735 1912 incurreret.

664 1948 719 2015 et¹
754 1949 1029 2037 indignationem,
1068 1949 1162 2036 cujus
1199 1948 1369 2015 lambebat
1401 1949 1525 2036 pedum
1562 1949 1735 2036 vestigia,-

665 2052 828 2118 fallaciter
863 2052 900 2116 in
938 2052 1032 2139 regni
1064 2051 1232 2118 excidium
1269 2050 1445 2132 adulando,
1483 2050 1734 2142 procurabant.-

497 2163 648 2231 Theetergy
666 2154 782 2220 Tunc⁹
803 2167 883 2220 vero
917 2154 1156 2220 denunciatum
1189 2153 1262 2221 est³
1285 2153 1366 2219 viris
1391 2154 1554 2243 religiosis
1575 2159 1611 2219 et
1633 2154 1716 2234 aliis,

496 2232 656 2349 ffiffffffl
667 2258 725 2345 qui
756 2257 824 2323 suis
846 2258 1004 2323 volebant
1029 2252 1174 2344 gaudere
1199 2256 1422 2334 libertatibus,
1450 2262 1490 2322 ut
1520 2257 1744 2322 innovarent

497 2364 645 2418 theirchar·
667 2364 774 2426 certas
807 2382 884 2425 suas
915 2360 957 2425 de
987 2382 1074 2427 novo
1106 2360 1194 2450 regis
1226 2360 1344 2448 sigillo,
1368 2360 1507 2427 scientes
1539 2360 1628 2446 quod
1658 2382 1717 2426 rex

497 2437 555 2484 ω’*
666 2468 774 2530 cartas
804 2463 959 2549 antiquas
985 2463 1108 2529 nullius
1144 2484 1214 2528 esse
1240 2465 1402 2529 momenti
1425 2462 1625 2550 reputabat;
1658 2486 1718 2550 pro

667 2587 807 2652 quarum
837 2565 1064 2646 innovatione,
1088 2588 1155 2631 non
1173 2566 1276 2651 juxta
1297 2566 1503 2653 singulorum
1525 2565 1718 2631 facultatem

665 2669 794 2735 taxatio
817 2668 905 2734 facta
935 2673 996 2747 est,
1019 2668 1077 2734 sed
1103 2668 1261 2755 quicquid
1280 2668 1488 2755 justiciarius
1519 2668 1716 2745 aestimabat,

664 2773 790 2837 solvere
813 2776 893 2835 siunt
916 2770 1028 2837 coacti
1079 2770 1126 2836 Et
1149 2770 1195 2836 sic
1218 2770 1337 2836 diatim
1360 2770 1474 2836 odium
1504 2771 1652 2836 omnium
1682 2776 1736 2835 et·

662 2873 911 2941 maledictiones
933 2874 970 2937 in
993 2879 1094 2960 caput
1124 2895 1223 2939 suum
1252 2874 1471 2955 coacervavit,
1492 2896 1569 2960 quse
1591 2873 1735 2940 effectu.

662 2998 732 3043 non
754 2980 939 3056 caruerunt,
962 2976 1049 3043 sicut
1070 2997 1210 3062 sequens
1240 2976 1380 3043 historia
1402 2998 1461 3041 suo
1488 2980 1638 3063 tempore
1659 2973 1735 3041 de-·

665 3078 813 3145 clarabit.

755 3416 923 3505 Dosarwto
941 3436 1040 3504 papa
1061 3414 1228 3499 Honorio,
1251 3413 1399 3482 socaedc't
1426 3413 1628 3503 draconem!

499 3596 583 3648 Dearh
596 3597 627 3647 of
714 3580 840 3646 Eodem
863 3602 959 3662 anno,
975 3579 1131 3645 defuncto
1153 3600 1239 3666 papa
1263 3577 1422 3657 Honorio,
1446 3577 1632 3666 Gregorius,
1649 3578 1892 3666 epi-1³⁰8·Wend·

498 3664 647 3782 {iffufffi
668 3704 784 3770 scopus
796 3683 967 3759 Ostiensis,
983 3682 1148 3763 successit,
1161 3682 1406 3768 quintodecimo
1420 3681 1544 3746 scilicet
1558 3681 1718 3747 kalendas
1758 3662 1792 3700 rv.
1807 3654 1863 3698 ¹⁴¹⁰·

501 3797 617 3863 Gregory
670 3785 805 3872 Aprilis
859 3786 910 3850 De
934 3807 999 3871 quo
1023 3785 1183 3863 Honorio,
1206 3799 1254 3850 x0.
1278 3783 1332 3850 die
1362 3789 1440 3849 ante
1471 3788 1612 3850 mortem
1639 3785 1738 3871 ejus·

500 3864 617 3982 {ff
670 3911 745 3953 cum
768 3895 919 3954 mortuus
939 3889 1125 3954 crederetur
1146 3891 1299 3965 necerat,
1316 3892 1351 3953 et
1366 3886 1545 3952 exhaustus
1567 3891 1602 3952 et
1624 3887 1738 3953 semi..

512 4022 650 4075 lgm,
670 3991 768 4056 vivus
790 3992 911 4079 populo
927 3992 1076 4058 Romano
1094 3992 1130 4056 in
1153 4012 1205 4056 res
1227 3990 1358 4077 papales
1373 3988 1612 4070 debacchanti,⁶
1630 3991 1740 4077 quod.

705 4328 712 4357 ¹
724 4326 761 4391 ct]
781 4324 822 4376 On
833 4341 866 4375 an
877 4339 985 4375 enarre.
1220 4323 1314 4386 lettera,
1332 4322 1430 4374 “Obiit
1449 4323 1583 4390 Greporisc
1596 4341 1675 4391 papa,
1687 4322 1722 4374 leo

704 4407 715 4437 ²
730 4404 813 4470 Tunc]
833 4405 861 4454 A
872 4420 927 4457 new
939 4404 1043 4468 chapter
1054 4417 1106 4455 vas
1124 4401 1175 4453 ori·
1220 4404 1401 4469 ctacapur'caqa
1409 4425 1418 4463 ,·
1435 4401 1477 4464 loo,
1483 4404 1606 4468 scritum
1621 4405 1721 4470 sowi-

672 4485 772 4553 ginally
794 4485 957 4534 commenced
984 4483 1051 4542 here,
1074 4481 1137 4532 vith
1160 4496 1176 4531 a
1220 4498 1289 4547 succ,
1317 4481 1487 4547 cupiditate,·”
1514 4484 1564 4534 and
1593 4484 1722 4550 secondly,

671 4565 757 4616 rubrio
769 4564 882 4629 prefixed
894 4584 901 4623 ;
919 4565 965 4613 but
977 4563 1021 4613 the
1035 4562 1119 4612 rubrio
1130 4560 1176 4611 has
1221 4562 1328 4612 another
1338 4563 1412 4627 popal
1423 4563 1497 4612 mitre
1507 4565 1720 4625 andcrosaerect,

673 4648 738 4697 been
748 4645 842 4705 πνοὰ,
853 4645 904 4695 end
915 4643 958 4693 the
969 4643 1039 4692 vord
1055 4657 1175 4706 procura·
1220 4641 1283 4692 vith
1293 4641 1336 4693 the
1347 4643 1437 4702 words,
1448 4643 1503 4693 also
1513 4641 1541 4692 in
1552 4644 1604 4702 red,
1615 4647 1631 4671 “
1644 4643 1720 4694 Creo·

672 4725 734 4776 bost
752 4724 911 4786 substituted,
928 4721 1013 4773 which
1033 4721 1113 4772 clocca
1133 4720 1176 4771 the
1220 4721 1723 4795 tarHonoriaaacacxolqoemurruetaq'

671 4804 807 4870 preceding
818 4801 969 4869 paragraph.
1220 4801 1304 4852 There
1321 4801 1344 4852 is
1362 4802 1492 4869 evidently
1512 4818 1544 4855 an
1562 4818 1632 4854 error
1653 4803 1721 4862 hero,

704 4882 938 4949 ‘est]1nterlined.
1219 4883 1271 4933 and
1286 4882 1330 4933 the
1346 4883 1429 4935 vortls
1448 4881 1519 4935 Obiit
1540 4885 1590 4934 and
1616 4883 1722 4935 &eatur

706 4965 715 4994 ⁴
726 4964 758 5013 In
769 4963 812 5014 the
822 4961 924 5027 margin
934 4961 1013 5011 below
1024 4974 1068 5011 arc
1079 4960 1175 5018 dnvn,
1220 4960 1311 5012 should
1321 4963 1353 5013 bc
1368 4965 1522 5028 usospcsed.

672 5042 734 5105 first,
750 5058 766 5093 a
787 5043 861 5106 pepat
880 5040 955 5092 mitre
976 5040 1027 5090 and
1049 5054 1118 5090 eroes
1136 5053 1175 5089 re·
1253 5041 1446 5110 ‘mimicam
1464 5044 1606 5106 debaccati,
1617 5044 1675 5097 MS.

672 5123 770 5185 verret,
780 5121 843 5175 aith
856 5120 908 5172 thia
924 5118 1071 5184 inscription
1085 5119 1113 5170 in
1129 5119 1176 5170 red
