4517 6425
779 1239 781 1243 Α
870 1221 918 1270 na
939 1219 1099 1269 emmona
1122 1218 1224 1269 naurs
1245 1215 1427 1267 sonamus.
1632 1200 1674 1263 95

607 1397 832 1463 ¹monasteria.
879 1394 1009 1459 Deinde
1032 1393 1200 1460 conferens
1224 1392 1277 1457 se¹
1303 1391 1461 1469 Parisius,
1480 1411 1515 1454 se
1539 1387 1759 1474 diligen-AD.
1773 1399 1847 1447 raca.

626 1508 679 1566 ter
700 1499 833 1565 studuit
855 1497 1034 1578 vindicare,
1064 1497 1298 1582 residuumque
1321 1494 1401 1560 anni
1423 1491 1514 1557 illius
1537 1489 1679 1555 imbellis

627 1603 762 1692 peregit.

734 1833 906 1918 Quomodo
928 1832 1109 1899 Arcturus
1127 1855 1201 1900 acca
1224 1832 1319 1899 ultro
1341 1831 1576 1918 computruerit.

444 1956 617 2061 sauviana
674 1973 794 2060 Elapso
820 1971 940 2037 deinde
970 1971 1143 2056 aliquanto
1174 1974 1330 2055 tempore,
1355 1991 1414 2033 rex
1444 1969 1616 2036 Johannes
1638 1969 1827 2033 adlaterview

473 2064 515 2099 ¹¹¹
531 2052 590 2098 ¹⁷⁰·
629 2082 774 2142 castrum
797 2075 936 2140 Falesiae
956 2074 1160 2161 perveniens,
1185 2072 1262 2137 fecit
1285 2071 1348 2136 sibi
1366 2071 1557 2149 Arthurum,
1582 2046 1805 2163 nepo-ffissdm

611 2186 699 2244 tem
721 2199 826 2255 suum,
843 2177 1045 2263 praesentari.
1092 2174 1247 2255 Quicum
1263 2179 1348 2239 esset
1371 2195 1478 2239 coram
1503 2196 1541 2239 eo
1562 2174 1682 2240 adduc·
1695 2181 1802 2250 Arthur·

631 2287 695 2358 tus,
710 2280 810 2366 coepit
821 2301 897 2345 eum
912 2301 973 2343 rex
983 2277 1115 2343 blandis
1130 2277 1255 2362 alloqui
1269 2276 1380 2342 verbis
1396 2281 1431 2341 et
1446 2276 1682 2356 amicabilibus,

632 2388 666 2449 et
696 2383 820 2447 multos
851 2383 990 2447 honores
1031 2380 1235 2466 promittere,
1268 2379 1447 2444 exhortans
1481 2384 1520 2443 ut
1550 2401 1571 2442 a
1608 2401 1683 2466 rege

633 2486 835 2550 Francorum
865 2484 1041 2559 recederet,
1065 2487 1100 2547 et
1122 2481 1196 2561 sibi,
1224 2485 1263 2545 ut
1293 2482 1427 2546 domino
1452 2483 1683 2563 etavuncu10,

612 2632 619 2647 .
632 2588 775 2653 fideliter
789 2587 981 2654 adhaereret.
1019 2585 1189 2651 Arthurus
1204 2606 1291 2665 vere,
1308 2586 1429 2672 spiritu
1444 2585 1685 2673 indignationis

633 2699 672 2759 ut
695 2697 765 2757 erat
789 2698 823 2757 et
846 2691 1007 2779 superbiae
1029 2690 1155 2778 plenus,
1179 2690 1249 2777 regi
1279 2712 1353 2756 cum
1384 2690 1614 2777 indignatione
1637 2712 1686 2755 re·

634 2793 767 2883 spondit
790 2798 825 2859 et
851 2815 926 2859 cum
949 2791 1213 2869 comminatione,
1228 2790 1364 2879 exigens
1387 2796 1427 2857 ut
1448 2793 1601 2858 redderet
1623 2794 1686 2858 sibi

634 2918 772 2986 regnum
789 2896 930 2982 Angliae,
952 2917 1027 2961 cum
1050 2895 1148 2960 terris
1171 2896 1323 2961 omnibus
1346 2899 1381 2960 et
1402 2896 1510 2973 rebus,
1526 2918 1606 2982 quas
1628 2919 1687 2962 rex

635 2999 796 3066 Ricardus
825 2999 946 3064 habuit
975 2998 1012 3062 in
1041 2996 1246 3084 possessione
1278 3021 1345 3077 sua,
1369 2998 1422 3063 die
1453 3021 1519 3085 qua
1542 2998 1686 3065 decessit.

615 3101 808 3169 :Cervicose
830 3105 946 3166 contra
968 3121 1079 3186 regem
1102 3122 1137 3165 se
1167 3099 1298 3178 erexit,2
1328 3105 1362 3165 et
1385 3100 1463 3186 quia
1485 3102 1554 3167 haec
1577 3102 1688 3168 omnia

618 3205 700 3270 'sibi
723 3205 799 3292 jure
829 3203 1030 3270 hereditario
1054 3203 1269 3281 debebantur,
1294 3201 1472 3269 affirmavit
1494 3227 1569 3270 cum
1594 3204 1688 3291 jura·

634 3314 754 3384 mento,
777 3307 946 3394 quodnisi
969 3307 1105 3372 celerius
1121 3307 1185 3371 sibi
1203 3306 1274 3391 jam
1290 3307 1380 3371 dicta
1402 3309 1514 3372 omnia
1536 3311 1689 3374 restitue-

635 3416 696 3490 ret,
710 3432 881 3497 nunquam
907 3409 1068 3475 diuturna
1090 3431 1168 3495 pace
1191 3409 1365 3474 frueretur.
1411 3410 1561 3475 Audiens
1576 3417 1689 3477 autem
1702 3430 1833 3483 muris

636 3515 706 3579 haec
728 3536 788 3578 rex
810 3513 834 3578 J
838 3510 1025 3598 [ohannes],
1049 3511 1263 3599 perturbatus
1287 3516 1337 3575 est
1360 3511 1580 3592 vehementer,
1606 3535 1688 3601 prae·
1701 3501 1820 3548 ¹⁰¹⁰⁰W¹

638 3617 788 3704 cepitque
811 3621 850 3679 ut
873 3614 1041 3679 Arthurus
1064 3614 1154 3699 apud
1170 3613 1415 3701 Rothomagum
1438 3614 1637 3695 mitteretur,
1652 3622 1691 3682 ut
1702 3573 1728 3616 to
1740 3566 1837 3616 Rauen,

639 3718 686 3783 ibi
706 3718 744 3783 in
767 3739 840 3783 arce
862 3737 951 3782 nova
972 3720 1130 3797 retrusus,
1158 3715 1220 3781 sub
1242 3714 1375 3781 arctiori
1399 3717 1549 3783 custodia
1581 3740 1690 3784 serva·

620 3824 737 3886 -retun
785 3819 840 3883 Ex
854 3822 936 3884 tunc
951 3840 1029 3885 vero
1045 3841 1111 3905 quo
1127 3818 1272 3896 devenit,
1288 3819 1441 3884 omnibus
1456 3820 1524 3885 fere
1538 3820 1691 3907 ignotum

620 3929 697 3989 cst.
736 3921 976 3987 Verumtamen
998 3920 1040 3985 ab
1063 3921 1230 4007 aliquibus
1253 3921 1377 3986 dictum
1400 3926 1460 4000 est,
1475 3924 1563 4009 quod
1579 3925 1692 3990 volens
1705 3951 1830 4003 Rumours

619 4024 724 4090 ,clam
755 4023 903 4104 evadere,
925 4021 961 4087 in
993 4021 1146 4109 Sequana
1169 4024 1358 4110 submersus
1380 4030 1439 4102 est,
1462 4030 1496 4091 et
1525 4026 1572 4093 sic
1594 4027 1693 4116 periit
1704 4020 1845 4137 fflfflss

620 4150 705 4192 ‚non
722 4127 899 4206 inventus;
924 4125 999 4190 aliis
1023 4124 1276 4205 affirmantibus
1292 4127 1380 4214 quod
1402 4150 1471 4217 prae
1493 4129 1600 4196 cordis
1619 4154 1693 4198 ran-
1733 4103 1745 4138 ⁸
1773 4103 1803 4138 ω
1832 4125 1838 4138 ’

621 4251 714 4295 .core
735 4227 773 4294 in
795 4228 955 4295 accidiam
978 4227 1142 4310 decidens,
1174 4230 1347 4296 contabuit
1377 4230 1413 4295 in
1444 4233 1627 4321 semetipso,
1659 4240 1693 4300 et

622 4332 688 4398 :sic
721 4330 813 4397 obiit.
868 4330 988 4396 Franci
1021 4353 1108 4410 vero,
1146 4333 1265 4417 quibus
1302 4339 1437 4422 propter
1474 4334 1693 4402 hostilitatem

622 4436 740 4522 .plena
760 4433 841 4500 fides
863 4455 932 4500 non
955 4439 1004 4499 est
1026 4434 1222 4514 adhibenda,
1238 4441 1389 4502 asserunt
1409 4436 1518 4525 ipsum
1541 4439 1694 4505 manibus

623 4537 696 4603 ‚vel
718 4543 881 4625 praecepto
904 4536 991 4624 regis
1012 4537 1177 4602 Johannis
1199 4538 1299 4605 fuisse
1321 4541 1552 4629 peremptum„l

678 4777 684 4806 ¹
697 4777 825 4841 conserens
835 4776 875 4842 sc]
889 4776 983 4826 Added
994 4776 1021 4826 in
1032 4793 1112 4843 marg.
1226 4780 1235 4808 ³
1247 4778 1315 4828 Here
1333 4779 1355 4828 is
1366 4778 1476 4829 inserted
1492 4779 1519 4827 in
1536 4779 1573 4840 F,
1585 4777 1650 4828 from
1662 4778 1693 4828 B.

676 4855 990 4921 'Caoicose...crexit]
1010 4856 1103 4906 Added
1117 4857 1145 4907 in
1193 4855 1231 4917 O,
1262 4857 1305 4907 thc
1333 4858 1438 4922 chapter
1457 4856 1499 4907 Dc
1518 4858 1599 4906 assim
1615 4859 1695 4922 panis

644 4950 733 5001 marg„
745 4937 795 4985 aud
806 4936 916 4986 inserted
927 4936 954 4985 in
965 4937 1061 4986 textos
1074 4937 1104 4987 F.
1193 4939 1244 4999 (ed
1257 4936 1340 4998 Wuts,
1351 4953 1374 5001 p.
1388 4938 1457 5000 208).
