4517 6425
649 1153 715 1219 314
774 1164 940 1217 usurum
963 1165 1363 1219 ssa1s1sus1ss1sroa1s
1385 1166 1587 1221 moronus.

477 1351 547 1403 AD.
564 1357 635 1403 msa.
648 1342 684 1406 in
699 1341 945 1429 sempiternum.
992 1342 1134 1428 Eritque
1149 1342 1223 1422 tibi,
1239 1348 1274 1408 et
1289 1342 1416 1420 merito,
1436 1342 1506 1429 ipse
1521 1343 1719 1430 imperator,

479 1452 635 1533 Thesddan
648 1445 865 1511 amicissimus
895 1444 1047 1510 omnibus
1077 1446 1193 1511 diebus
1223 1446 1304 1512 vitae
1335 1444 1430 1511 snae.”
1477 1445 1567 1511 Huio
1596 1448 1721 1533 igitur,

477 1521 636 1639 ffltsshffi
648 1547 804 1614 eonsili0¹
840 1547 1004 1613 Soldanus
1035 1548 1276 1636 obtemperans,
1298 1548 1393 1613 misit
1424 1548 1547 1615 dietam
1579 1551 1719 1636 episto,

477 1668 598 1717 emperor.
647 1652 714 1716 lam
730 1670 814 1716 cum·
827 1650 922 1737 signo
946 1650 1130 1716 adhaerenti
1154 1651 1355 1737 imperatori,
1376 1655 1410 1715 et
1433 1671 1565 1716 omnem
1587 1652 1719 1727 dolum,

647 1754 863 1841 praelocutum
893 1753 999 1819 eidem
1026 1753 1240 1820 detunieavit.
1287 1753 1446 1820 Paratum
1470 1754 1575 1841 igitur
1596 1753 1719 1841 impe,

646 1863 789 1923 retorem
804 1856 1013 1943 peregrinari,
1027 1856 1193 1943 praevenit
1208 1856 1347 1922 nuncius
1362 1855 1508 1934 Soldani,
1524 1856 1719 1933 ostendens,

647 1959 697 2025 illi
719 1954 875 2025 seoretius
901 1958 1077 2045 epistolam
1102 1962 1328 2036 memoratam,
1361 1981 1419 2046 per
1443 1981 1543 2045 quam
1567 1958 1718 2047 plenius,

647 2064 688 2128 de
710 2062 904 2149 proditione,
921 2084 1020 2147 quam
1038 2062 1139 2127 etiam
1154 2062 1375 2148 praeaudierat
1397 2061 1455 2127 sed
1479 2062 1609 2128 eredere
1631 2085 1718 2140 non,

647 2170 787 2255 poterat,
813 2164 1065 2231 certificabatur.
1111 2163 1269 2230 (laudens
1292 2164 1396 2251 igitur
1419 2170 1454 2231 et
1476 2165 1603 2253 gratias
1625 2165 1718 2242 Deo,

647 2267 837 2356 persolvens
860 2272 895 2332 et
926 2266 1080 2346 Soldano,
1111 2266 1201 2351 quod
1227 2267 1360 2353 laqueos
1384 2265 1594 2334 absconditos
1620 2289 1717 2345 sva,

646 2371 750 2448 sisset,
774 2369 1004 2435 dissimulabat
1022 2391 1125 2455 usque
1153 2370 1197 2435 ad
1230 2376 1362 2457 tempus
1393 2370 1567 2457 condignas
1601 2373 1716 2447 retri·,

645 2470 815 2539 butionis⁹
861 2470 944 2551 Quae
981 2472 1084 2560 igitur
1121 2471 1165 2536 ad
1202 2472 1346 2538 reditum
1380 2472 1416 2537 in
1450 2478 1572 2538 terram
1603 2496 1716 2550 suam,

644 2574 825 2643 necessaria
847 2574 990 2655 fuerant,
1013 2596 1091 2639 nam
1113 2580 1314 2641 revocarunt
1335 2598 1411 2642 eum
1432 2577 1537 2643 ardua
1551 2578 1717 2665 negotia„

584 2754 590 2766 Ι
645 2678 824 2766 prudenter
845 2676 1054 2764 praeparavit.

647 2946 746 3031 Quod
766 2945 826 3012 boo
841 2944 921 3033 fuit
937 2943 1012 3012 odii
1033 2942 1270 3011 seminarium
1291 2942 1384 3011 inter
1405 2943 1648 3033 lueporutorem
1666 2952 1717 3025 et,

1099 3046 1285 3135 Templum.

477 3213 611 3280 onginos
692 3198 766 3265 Hoc
801 3201 912 3264 autem
950 3201 1082 3263 constat
1119 3195 1218 3263 fuisse
1255 3196 1468 3263 seminarium
1509 3198 1577 3265 odii
1608 3199 1715 3276 inter,

476 3280 624 3398 ffissuoeffffl
647 3304 879 3390 imperatorem
903 3305 938 3367 et
961 3301 1136 3389 Templum
1161 3306 1196 3365 et
1221 3300 1405 3388 Hospitale.
1456 3301 1714 3374 Verumtamen,

475 3414 611 3479 neempe
646 3409 868 3497 Hospitalarii
899 3409 1060 3474 minorem
1089 3412 1206 3473 notam
1236 3406 1381 3474 infamiae
1410 3430 1509 3495 super
1538 3410 1600 3475 boo
1630 3410 1716 3477 sibi.

476 3496 518 3530 ror
528 3484 578 3531 and
590 3481 633 3532 the
1085 3511 1092 3524 .

475 3548 606 3612 Templm
646 3516 907 3589 contraxerunt3
938 3532 1008 3577 sese
1039 3532 1129 3576 enlm
1164 3515 1278 3596 postea
1301 3517 1504 3578 sacramento
1534 3535 1717 3599 purgem-0

475 3615 603 3691 ²¹}de
645 3622 733 3682 runt.
789 3616 843 3680 Ex
875 3615 931 3680 illo
961 3607 1067 3701 igitur
1089 3617 1237 3698 tempore
1259 3613 1489 3699 conglutinata
1510 3621 1562 3680 est
1584 3616 1714 3681 anima.

475 3682 595 3746 prtallers.
645 3718 857 3807 imperatoris
884 3740 959 3784 cum
990 3717 1102 3781 anima
1128 3714 1267 3781 Soldani
1297 3715 1582 3796 indissolubiliter,
1612 3723 1647 3783 et
1676 3740 1715 3784 e.

644 3844 810 3903 converso,
827 3819 981 3886 omnibus
996 3819 1206 3884 diebusvitae
1223 3839 1344 3894 eorum,
1362 3818 1450 3903 quod
1465 3819 1564 3884 multi
1578 3824 1713 3905 postea.
1817 3832 1825 3849 '

643 3924 778 3990 sinistre
816 3928 896 3989 sunt
926 3921 1145 4008 interpretati,
1173 3920 1338 3985 mittendo
1377 3919 1442 3984 sibi
1473 3921 1515 3985 ad
1549 3921 1713 3986 invicem.

475 4023 631 4074 Tbesolnan
644 4047 783 4092 munera
805 4025 955 4111 pretiosa
1001 4023 1095 4088 Inter
1111 4044 1191 4109 quae
1215 4022 1378 4088 Soldanus
1394 4021 1485 4087 misit
1502 4023 1712 4110 imperatori.

474 4091 631 4219 mile„
644 4151 748 4195 unum
774 4127 957 4193 elefantem.

474 4224 597 4288 elephant.

731 4402 928 4471 Dolueruot
958 4397 1149 4487 Temptavit
1171 4419 1204 4465 so
1224 4395 1340 4484 fuisso
1365 4395 1592 4484 discoopertos.
1705 4434 1716 4488 ·.
1931 4411 1949 4453 ι

475 4578 531 4628 The
689 4550 935 4639 comperientes
950 4552 1062 4613 autem
1076 4545 1257 4632 Templarii
1276 4543 1483 4632 imperaturis
1506 4513 1692 4632 peregrina·
1705 4588 1711 4603 .
1723 4552 1768 4604 fol.
1781 4553 1856 4605 1151,

474 4645 604 4722 sf⁰¹¹¹9¹²¹⁸
644 4656 769 4724 tionem
793 4651 929 4729 differri,
951 4649 1188 4716 intellexerunt
1210 4670 1269 4734 per
1290 4646 1376 4712 illud
1407 4652 1442 4712 et
1471 4645 1538 4712 alia
1560 4647 1714 4725 indicia„

474 4712 635 4842 {ibiibi}
645 4759 757 4826 dolum
783 4778 881 4823 suum
911 4753 1153 4838 discoopertum
1190 4750 1308 4816 effectu
1338 4749 1505 4837 proposito
1543 4750 1713 4817 caruisse·

645 4931 810 4939 -——-—

679 5032 809 5099 ¹coasi12'o]
829 5031 934 5092 consilo,
945 5028 1003 5080 MS.
1191 5029 1255 5078 been
1272 5028 1352 5079 added
1369 5026 1429 5078 here
1451 5034 1477 5078 to
1497 5027 1541 5078 the
1563 5033 1626 5092 text,
1648 5031 1694 5081 but

676 5113 875 5178 2νεενὶὸιιειόιιιίι]
892 5111 956 5170 Two
973 5111 1055 5162 words
1077 5108 1142 5159 bave
1192 5109 1337 5160 allemands
1348 5107 1455 5174 entirely
1465 5109 1559 5160 mmcd
