4517 6425
824 1191 871 1241 aa
894 1190 1053 1243 reasons
1077 1193 1178 1244 asera
1201 1194 1382 1246 Joasnars.
1565 1186 1625 1250 161

557 1371 696 1432 mantas
711 1371 746 1433 et
760 1368 939 1455 piscatores
953 1370 989 1434 in
1005 1370 1166 1456 praedicta
1188 1372 1297 1437 insula
1312 1377 1346 1438 et
1361 1373 1446 1439 circa
1461 1375 1630 1441 maritima
1641 1381 1797 1434 A.1).121⁵.

557 1468 786 1556 .diffiguratus
809 1472 870 1536 sub
902 1472 989 1549 diro,
1012 1494 1071 1559 per
1101 1478 1170 1540 tres
1193 1475 1324 1540 circiter
1346 1498 1493 1558 menses3
1525 1484 1560 1544 et
1582 1479 1628 1543 sic

558 1572 830 1639 adventantium
865 1576 1063 1661 expectabat
1089 1578 1271 1643 adventum
1294 1579 1517 1646 barbarorum.
1564 1581 1628 1646 Ba-
1641 1590 1796 1642 Thoumna

557 1697 671 1741 .rones
694 1678 840 1757 interim,
864 1678 1046 1744 nescientes
1069 1680 1150 1766 quid
1173 1681 1214 1746 de
1238 1702 1314 1767 rege
1337 1683 1509 1764 evenisset,
1532 1684 1626 1771 igno-
1639 1657 1772 1777 ffissmm

556 1785 751 1865 ,rantesque
783 1779 847 1845 sibi
879 1781 1014 1867 laqueos
1036 1784 1225 1869 praeparari,
1253 1783 1435 1850 Londoniis
1466 1786 1564 1873 nugis
1593 1791 1628 1852 et

555 1881 654 1948 ‚otiis
676 1881 895 1969 indulgentes,
918 1884 1096 1950 noluenmt
1118 1885 1225 1951 adhue
1248 1886 1395 1953 recedere
1419 1889 1460 1953 de
1481 1889 1627 1967 civitate,

554 1984 679 2051 ·douec
700 1984 828 2072 plenius
852 1986 892 2052 de
924 1986 1092 2073 promissis
1126 1993 1161 2054 et
1192 1988 1232 2054 de
1255 2010 1340 2077 rege,
1364 1991 1405 2057 de
1428 2011 1493 2078 quo
1516 1992 1629 2057 multi-

554 2088 691 2153 ·formis
714 2089 910 2156 versabatur
932 2089 1053 2176 opinio,
1075 2090 1345 2159 certificarentur.

582 2398 718 2464 Vocatto
732 2398 780 2464 ad
802 2398 991 2467 amicitiam
1009 2398 1164 2484 carcerale
1190 2399 1357 2466 Laterani
1380 2399 1625 2469 celebrandum.

405 2549 562 2631 RppWead.
620 2546 745 2612 Eodem
767 2568 856 2611 anno
879 2546 989 2612 vocati
1020 2552 1144 2612 sunta
1165 2570 1251 2636 papa
1285 2548 1478 2615 Innocentio
1502 2548 1625 2632 Romae,
1639 2566 1747 2620 Gerenl

429 2632 464 2668 ¹¹¹'
477 2624 533 2671 Μ’
573 2649 616 2714 ad
658 2649 833 2715 concilium
874 2650 1034 2737 generale,
1072 2650 1203 2736 praelati
1243 2651 1438 2717 universalis
1473 2653 1625 2734 ecelesiae,
1640 2634 1786 2755 molter

573 2752 766 2839 patriarchae
804 2753 935 2831 scilicet,
969 2752 1213 2841 archiepiscopi,
1252 2755 1402 2841 episcopi,
1440 2756 1625 2843 primicerii,
1638 2768 1763 2822 arnone.

573 2856 803 2936 archidiaconi,
828 2856 944 2922 decani
974 2856 1214 2922 cathedralium
1237 2857 1456 2939 ecelesiarum,
1479 2858 1625 2939 abbates,

572 2959 704 3046 priores,
729 2959 907 3046 Templarii
941 2963 976 3024 et
1010 2959 1238 3047 Hospitalarii,
1262 2967 1301 3025 ut
1334 2968 1560 3047 comparerent
1590 2963 1626 3027 in

572 3063 748 3149 praesentia
782 3062 907 3127 domini
938 3084 1034 3150 papae
1057 3063 1093 3128 in
1107 3052 1222 3129 ¹'urbe
1246 3064 1353 3130 Roma
1381 3064 1533 3130 kalendis
1556 3065 1625 3131 No·
1668 3069 1758 3126 lNov·

572 3165 726 3245 vembris,
749 3165 835 3232 sicut
858 3165 1048 3231 canonicam
1072 3166 1179 3232 vitare
1202 3166 1342 3255 cupiunt
1365 3167 1534 3234 ultionem.

720 3474 770 3540 De
791 3471 1055 3559 altapetrbnibue
1076 3472 1291 3538 awnamaoa
1309 3493 1376 3558 pre
1398 3493 1479 3558 repe.

404 3638 559 3719 κομψὰ.
617 3629 682 3696 Per
718 3631 806 3696 idem
844 3640 975 3715 tempus
1011 3631 1177 3694 steterunt
1216 3627 1331 3693 Romae
1374 3628 1410 3692 in
1448 3629 1625 3715 praesentia
1638 3639 1777 3695 saeuae

430 3706 465 3758 ἰὴ·
478 3713 534 3759 ³⁹²·
572 3733 700 3798 domini
721 3754 815 3820 papae
837 3731 951 3797 nuncii
982 3730 1070 3817 regis
1092 3729 1287 3817 Anglorum,
1310 3729 1492 3818 allegantes
1515 3707 1721 3842 οοτειιῑιῖζξζὲῗ8

572 3857 610 3901 eo
633 3835 826 3901 rebelliones
848 3840 883 3900 et
904 3833 1054 3921 injurias,
1078 3854 1161 3919 quas
1183 3833 1323 3898 barones
1345 3833 1479 3922 Angliae
1501 3837 1624 3901 excita·
1635 3842 1781 3907 odaucer

571 3944 691 4004 verant
722 3939 881 4004 adversus
911 3959 1023 4024 regem
1052 3941 1282 4016 memoratum,
1304 3937 1477 4024 exigentes
1511 3939 1554 4004 ab
1584 3960 1622 4004 eo
1635 3912 1746 4042 appeto

570 4041 730 4129 quasdam
760 4043 848 4127 leges
882 4047 917 4106 et
949 4039 1121 4106 libertates
1152 4039 1294 4127 iniquas,
1318 4062 1399 4126 quas
1422 4040 1764 4128 dignitatemhuoeent

570 4146 693 4232 regiam
726 4166 793 4210 non
825 4143 937 4209 decuit
969 4142 1171 4209 confirmare.
1230 4142 1303 4208 Rex
1341 4143 1456 4229 itaque
1493 4144 1623 4230 publice

570 4256 770 4339 protestatus
808 4254 858 4316 est
897 4271 1005 4315 coram
1043 4249 1100 4327 eis,
1137 4271 1277 4337 regnum
1319 4250 1452 4338 Angliae
1490 4251 1620 4318 ratione

570 4353 707 4419 dominii
729 4353 774 4418 ad
806 4353 990 4419 Romanam
1022 4353 1192 4418 ecclesiam
1216 4352 1403 4439 specialiter
1435 4354 1623 4440 pertinere;

571 4456 659 4522 unde
673 4478 734 4523 nac
748 4455 861 4543 potuit
882 4476 943 4521 nec
957 4455 1074 4520 debuit
1096 4459 1218 4541 praeter
1239 4453 1475 4522 conscientiam
1496 4457 1622 4523 domini

570 4582 664 4648 papae
688 4560 727 4624 de
750 4580 838 4624 novo
860 4557 987 4645 aliquid
1009 4561 1165 4623 statuere.
1212 4555 1417 4645 Interposita
1438 4557 1545 4644 igitur
1566 4581 1622 4645 ap-

549 4663 755 4749 pellatione,
779 4660 840 4726 sub
863 4659 1067 4747 protectione
1089 4665 1212 4725 sanctae
1235 4661 1347 4739 crucis,
1371 4682 1437 4747 qua
1459 4661 1547 4726 idem
1562 4683 1621 4726 rex

549 4767 728 4853 signatur,
758 4765 845 4829 sedis
867 4784 997 4849 quoque
1020 4761 1214 4850 apostolicae,
1237 4785 1316 4840 sese,
1339 4785 1478 4851 regnum
1501 4762 1621 4828 suum⁹

570 4872 605 4932 et
623 4867 700 4952 jura
721 4866 868 4952 ejusdem
883 4865 977 4952 regni
992 4863 1197 4930 confidenter
1212 4865 1393 4953 supposuit.
1440 4865 1505 4929 Sed
1526 4865 1620 4930 baro·

901 5044 919 5049 ..r
956 5043 993 5049 .-.
999 5044 1005 5049 -
1012 5044 1104 5050 ..-ῳ-
1111 5044 1280 5051 ...-.....--.
1298 5044 1307 5050 -
1317 5044 1601 5055 -ο--η-

605 5149 611 5178 ¹
626 5147 664 5212 in]
684 5147 819 5211 Repeated,
831 5147 877 5196 but
887 5147 1036 5210 expunctsd.
1090 5145 1096 5214 Ι
1150 5144 1253 5209 πειιιιηι]
1272 5153 1389 5206 varrum,
1401 5144 1457 5196 MS.

659 5256 735 5308 VOL.
762 5257 798 5310 11.
1459 5254 1484 5306 L
