4517 6425
657 1140 723 1207 392
783 1153 949 1204 numum
972 1152 1185 1203 mms1nus1s
1208 1148 1374 1201 msronm
1396 1148 1598 1199 suenorum

487 1328 812 1398 AD.1ass.omnibus
849 1329 981 1416 Angliae
1005 1326 1206 1401 civitatibus,
1228 1326 1264 1390 in
1291 1324 1411 1412 quibus
1441 1324 1554 1390 Judaei
1583 1323 1713 1388 habita·

487 1435 577 1485 should
660 1433 815 1512 bantus
846 1433 918 1519 quis
948 1431 1124 1518 quicquam
1154 1428 1285 1515 injuriae
1315 1427 1468 1513 cuiquam
1489 1426 1627 1493 inferret
1649 1426 1712 1491 Ju-

487 1502 564 1551 snffer
575 1517 609 1551 no

489 1570 573 1633 injffiy
585 1569 613 1618 in
660 1536 814 1602 (laeorum.
840 1594 842 1597 ,

488 1635 614 1702 England.

975 1800 1025 1867 De
1047 1799 1148 1867 uuo
1170 1798 1400 1887 ‘imperotocts

491 1972 625 2023 Gimsent
708 1951 833 2018 Eodem
865 1971 994 2038 quoquc
1031 1956 1178 2036 tempore
1217 1948 1369 2015 dominus
1405 1948 1585 2035 imperator
1621 1946 1714 2014 misit

491 2038 643 2155 belrglssevgm'
664 2055 797 2120 domino
831 2055 903 2140 regi
939 2052 1130 2139 Anglorum,
1155 2051 1198 2117 ad
1232 2051 1513 2116 continuationem
1548 2051 1711 2131 amicitias,

489 2122 532 2223 lire
544 2172 608 2236 king
663 2158 775 2223 nobile
805 2157 949 2235 xenium,
973 2155 1128 2221 videlicet
1157 2153 1249 2219 xviii.
1281 2175 1381 2239 equos
1406 2152 1655 2240 pretiosissimos
1677 2159 1713 2219 et

490 2239 608 2354 ffisshffi
663 2260 708 2323 iii.
740 2259 855 2339 mulos,
888 2258 1040 2345 pretiosis
1075 2255 1239 2322 olosericis
1273 2261 1307 2321 et
1336 2255 1410 2321 aliis
1442 2255 1711 2322 desiderabilibus

491 2397 588 2445 Nature
599 2394 629 2443 of
662 2362 830 2427 donativis
861 2365 1034 2441 oneratos;
1065 2355 1198 2423 tribus²
1221 2358 1383 2444 leopardis
1414 2359 1599 2445 praemissis.
1645 2358 1711 2439 Qui

447 2449 462 2476 ⁴
490 2461 645 2528 rholeopard
658 2486 694 2528 re
717 2485 796 2530 vera
817 2463 915 2550 pardi
946 2466 1050 2539 erant,
1082 2461 1160 2546 quia
1182 2460 1276 2547 parvi
1308 2465 1343 2526 et
1372 2459 1505 2525 molosis
1528 2460 1712 2526 simillimi³

657 2567 802 2631 fuerunt.
848 2566 910 2631 Est
940 2565 1029 2629 enim
1052 2564 1204 2649 quaedam
1234 2562 1343 2628 bestia
1364 2564 1496 2649 pardus,
1520 2584 1595 2649 quae
1618 2564 1710 2629 adul-

492 2684 605 2735 Bernaro
658 2676 771 2735 terans
786 2691 862 2734 cum
883 2668 986 2747 leone,
1009 2666 1202 2753 leopardum
1224 2664 1393 2752 parturit3
1417 2665 1506 2730 unde
1523 2666 1711 2734 Bernardus

493 2752 628 2819 sllmoer'
660 2771 826 2846 Silvester,

838 2906 1063 2991 “Pardusque
1086 2905 1248 2991 lupusque
1270 2904 1381 2970 sititor

749 3008 937 3096 Sanguinis,
961 3008 1017 3073 ille
1039 3029 1164 3085 nemus,
1188 3007 1241 3072 hic
1260 3008 1343 3094 jugo
1366 3007 1489 3073 montis
1512 3007 1648 3074 amat”⁴

662 3158 839 3245 Fratrique
862 3158 988 3223 domini
1017 3158 1111 3245 regis,
1135 3156 1250 3224 comiti
1280 3155 1431 3234 Ricardo,
1454 3177 1553 3243 equos
1582 3162 1618 3223 et
1647 3158 1713 3225 aliu

493 3282 804 3335 Thesrenchmunera
832 3260 982 3347 pretiosa
1028 3261 1218 3346 Eodemque
1248 3264 1403 3346 tempore,
1433 3259 1557 3325 scilicet
1585 3262 1712 3341 aestivo,

495 3353 654 3481 fflffpeaoe
667 3366 792 3431 nobiles
814 3364 874 3442 illi,
896 3364 954 3450 qui
984 3384 1122 3449 regnum
1154 3362 1302 3427 Franoiae
1332 3361 1565 3448 disposuerunt
1585 3368 1714 3450 pertur-

495 3484 635 3535 wirhtheir
666 3469 751 3547 burc,
775 3467 863 3532 facta
884 3466 1027 3552 quadam
1050 3465 1139 3552 pacis
1162 3463 1405 3551 compositione,
1428 3465 1499 3552 regi
1521 3487 1558 3531 cc
1580 3466 1712 3554 reginae,

495 3551 633 3617 sovereign.
666 3571 763 3636 matri
787 3570 866 3657 ejus,
889 3568 1052 3656 pacificati
1074 3572 1164 3633 sunt.

867 3858 919 3926 Dc
941 3857 1034 3925 obitu
1056 3857 1279 3945 quorundam
1301 3866 1514 3946 mwoctucu

496 4035 634 4085 Dutmof
715 4008 839 4074 Eodem
863 4029 991 4094 quoquo
1013 4029 1109 4085 anno,
1134 4028 1244 4072 mense
1267 4007 1420 4094 Augusti,
1448 4009 1674 4095 migravemrnt
1696 4035 1717 4078 a

496 4102 614 4232 mg.
669 4110 776 4175 seculo
809 4108 1047 4197 Wigorniensis
1078 4108 1262 4176 Willelmus
1289 4108 1329 4176 de
1360 4109 1472 4191 ΒΙεὶε,ὅ
1495 4111 1717 4180 Norwicensis

700 4383 808 4449 ¹tritus]
820 4383 1166 4443 Onanemuremreano
1244 4385 1252 4415 ⁴
1269 4381 1401 4434 Willclcruc
1417 4384 1447 4434 de
1464 4384 1549 4451 Bleis]
1570 4386 1715 4453 Originally

666 4459 1052 4527 thelnstsyllsbleinleopurdis
1060 4463 1167 4513 andths
1210 4463 1310 4514 written
1330 4464 1365 4528 by
1387 4463 1495 4514 mistake
1511 4464 1669 4532 ¹Koloussa]
1693 4474 1717 4516 ct

665 4544 721 4594 first
731 4545 781 4594 and
792 4543 841 4592 last
851 4541 969 4607 syllables
980 4542 1010 4591 of
1016 4542 1156 4606 premissis.
1211 4544 1252 4606 (as
1270 4543 1298 4593 in
1311 4542 1343 4593 B.
1357 4543 1386 4595 C.
1404 4544 1454 4594 and
1474 4543 1561 4608 Edit),
1578 4546 1624 4595 but
1639 4547 1716 4597 atter·

699 4620 847 4687 ²cimillims]
867 4620 988 4681 similimi,
999 4620 1057 4672 MS.
1211 4624 1293 4672 words
1305 4613 1399 4683 erased
1406 4624 1458 4673 and
1468 4622 1511 4673 the
1523 4635 1600 4674 name
1608 4625 1639 4674 oi
1653 4624 1715 4675 Wu-

699 4702 812 4762 ⁸Qci¹re
825 4717 883 4750 vera
901 4738 907 4751 .
925 4737 932 4751 .
950 4736 958 4750 .
974 4699 1055 4766 amat]
1074 4699 1168 4750 Added
1212 4700 1292 4752 ldmus
1315 4702 1343 4753 dc
1362 4700 1434 4752 Bou
1456 4703 1607 4754 substituted
1629 4704 1656 4755 in
1671 4706 1715 4756 the

666 4783 693 4831 in
710 4797 789 4845 marg.
823 4779 888 4829 This
908 4777 1075 4843 quotationis
1096 4779 1169 4828 msdc
1212 4781 1328 4847 margin3
1346 4783 1391 4833 but
1401 4782 1454 4832 this
1464 4782 1633 4835 isacareless
1644 4800 1715 4850 repe·

667 4860 871 4924 stomapoemof
878 4859 1023 4908 Bernartius
1031 4856 1169 4921 sylvester,
1213 4860 1289 4910 tition
1308 4859 1338 4912 os
1355 4861 1424 4911 what
1446 4876 1566 4912 occursu
1586 4863 1635 4913 few
1652 4864 1715 4914 lines

668 4941 768 4990 intitled
779 4946 794 4966 “
807 4936 1029 5002 Cosmographis,''
1041 4953 1057 4986 a
1067 4951 1132 5001 copy
1144 4937 1175 4987 oi
1213 4941 1302 4992 below.
1336 4941 1451 4991 William
1469 4943 1502 4992 de
1518 4941 1590 4992 Bleis
1606 4943 1714 4993 orBlois

668 5018 752 5069 which
764 5018 842 5067 osche
856 5017 915 5066 roth
926 5023 1032 5079 century
1043 5015 1123 5065 existe
1142 5016 1169 5064 in
1214 5018 1273 5068 died
1287 5023 1317 5068 18
1330 5019 1398 5085 Aug.
1415 5025 1487 5071 1236.
1521 5021 1649 5082 nastusi.
1663 5027 1701 5073 52.

613 5101 619 5114 ¹
667 5097 725 5149 MS.
738 5097 900 5159 cotecuop.
913 5096 1011 5147 dxiv.
