4517 6425
749 1206 796 1256 nn
818 1206 977 1256 rnunonn
1000 1204 1101 1254 nnors
1124 1203 1369 1264 naumurum.
1392 1200 1516 1250 rnnrn.
1592 1183 1656 1248 285

605 1379 668 1444 mis
690 1380 807 1446 mundi
829 1380 1005 1447 constituti
1036 1402 1150 1446 sumus
1180 1379 1341 1466 partibus,
1373 1399 1448 1443 cum
1478 1374 1658 1441 viderimus
1670 1380 1739 1432 Al).
1754 1383 1828 1429 122⁶·

605 1483 748 1566 qualiter
770 1488 878 1549 cetera
900 1506 1003 1571 regna
1025 1505 1104 1570 erga
1119 1482 1203 1547 tales
1218 1503 1252 1546 se
1267 1481 1446 1547 habuerint
1460 1478 1656 1555 exactiones,

606 1584 760 1650 dominus
791 1607 886 1672 papa,
913 1607 986 1651 curn
1010 1585 1053 1650 ab
1078 1584 1154 1650 aliis
1177 1582 1287 1671 regnis
1313 1582 1524 1648 habuerimus
1548 1601 1658 1645 exem·

606 1687 709 1773 plum,
731 1687 768 1754 in
791 1688 957 1774 obsequiis
984 1710 1045 1753 nos
1066 1688 1218 1754 inveniet
1239 1684 1463 1774 promtiorca’'
1519 1683 1572 1760 Et,
1595 1682 1659 1746 hiis

607 1790 713 1870 dictis,
737 1812 890 1856 concessa
912 1796 962 1857 est
985 1791 1139 1856 omnibus
1163 1790 1299 1857 licentia
1321 1787 1501 1853 recedendi.

631 2103 764 2190 Magna
788 2104 892 2172 mot-io
913 2104 1012 2190 suctu
1034 2111 1080 2171 est
1103 2126 1207 2192 super·
1230 2105 1386 2172 comitam
1410 2104 1645 2172 Flwlosoaum.

443 2275 600 2342 Rogwend.
657 2264 719 2329 Per
741 2264 828 2329 idem
852 2270 982 2351 tempus
1013 2265 1102 2331 sacta
1134 2272 1185 2330 est
1219 2265 1410 2352 praedicatio
1439 2264 1476 2330 in
1510 2265 1662 2352 partibus
1675 2276 1789 2329 cmude

446 2346 599 2404 i'·¹²⁴’¹²⁵'
613 2365 791 2431 Gallicanis
822 2388 843 2431 a
876 2366 984 2454 legato
1008 2368 1160 2433 Romano
1189 2367 1358 2454 generalis,
1384 2374 1424 2433 ut
1449 2390 1571 2444 omncs,
1605 2344 1829 2476 ᾳυὶξὲξῖξξξῗὴθ

612 2474 746 2555 possent
760 2491 854 2533 arma
868 2492 1009 2548 movere,
1026 2492 1060 2536 se
1075 2491 1169 2535 cruce
1192 2470 1363 2557 signarent
1386 2491 1484 2556 super
1508 2469 1663 2536 comitem
1676 2479 1795 2528 conatos

613 2570 837 2636 Tholosanum
853 2576 888 2637 et
909 2571 1068 2658 populum
1091 2572 1171 2658 ejus,
1188 2573 1245 2658 qui
1269 2593 1382 2637 omnes
1396 2572 1553 2637 haeretica
1566 2571 1665 2637 foedi·
1677 2544 1828 2596 T⁰¹¹¹⁰¹¹⁸²'

613 2679 684 2739 tate
715 2674 913 2740 dicebantur
943 2673 1066 2741 infecti.
1112 2675 1195 2761 Ejus
1218 2675 1323 2762 igitur
1348 2675 1484 2740 consilio
1510 2675 1580 2761 ipse
1606 2695 1666 2739 rex

596 2776 816 2854 ‚Francorum
844 2799 937 2842 cruce
967 2778 1127 2864 signatus,
1158 2777 1203 2842 ad
1232 2777 1316 2843 hanc
1345 2777 1550 2844 meritoriam
1574 2799 1666 2865 pere-

596 2939 603 2953 ,
615 2878 837 2964 grinationem
865 2901 899 2944 se
926 2879 1119 2968 accingebat
1131 2905 1139 2962 ;
1171 2885 1206 2945 et
1228 2881 1271 2946 ad
1294 2880 1364 2966 ejus
1390 2880 1666 2967 praedicationem,

596 2982 772 3068 ,quoniam
802 2987 836 3047 et
866 2983 935 3069 ipse
965 2983 1095 3071 legatus
1126 3004 1221 3048 cruce
1250 2982 1454 3070 signabatur,
1484 2981 1667 3048 multitudo

597 3084 748 3170 ,copiosa
771 3084 983 3171 praelatorum
1017 3091 1052 3150 et
1083 3086 1250 3165 laicorum,
1283 3091 1380 3151 tanto
1409 3084 1590 3150 informata
1611 3105 1669 3148 cx·

617 3187 733 3273 amplo,
757 3188 860 3253 crucis
882 3188 1087 3276 signaculum
1110 3194 1335 3276 susceperunt,
1368 3188 1442 3275 plus
1470 3192 1563 3255 metu
1584 3186 1671 3274 regis

617 3290 717 3354 multi
733 3290 788 3355 vel
811 3290 924 3356 favore
947 3291 1060 3378 legati,
1084 3314 1184 3378 quam
1209 3290 1335 3379 [zelo]¹
1363 3291 1508 3376 justitiae
1530 3289 1669 3356 inducti.

598 3391 821 3478 .Impctrarat
859 3399 971 3458 autem
1010 3416 1070 3459 rex
1103 3395 1306 3460 Francorum
1337 3394 1451 3459 literas
1484 3415 1505 3458 a
1536 3392 1670 3458 domino

600 3517 704 3580 ,papa
741 3494 959 3572 inhibitorias,
996 3517 1039 3560 ne
1076 3517 1136 3561 rex
1168 3496 1361 3582 Anglorum,
1397 3500 1530 3582 propter
1566 3499 1671 3559 terras

599 3618 695 3664 ,θυαε
718 3599 965 3679 transmarinas,
989 3598 1235 3684 quoquomodo
1258 3620 1369 3684 regern
1385 3596 1587 3662 Francorum
1611 3617 1671 3683 pro

466 3702 582 3768 csuog.
601 3699 799 3763 universali
831 3699 966 3764 ecclesia
1002 3700 1205 3765 militantem
1238 3700 1418 3775 infestaret.
1480 3698 1581 3763 Unde
1611 3720 1672 3763 rex

468 3770 504 3888 ἔ
506 3773 570 3889 ‘1¹¹2ss
600 3802 815 3888 .Anglorum,
841 3802 898 3886 qui
921 3802 1053 3867 ardenti
1076 3802 1239 3867 desiderio
1262 3802 1416 3889 cupiebat
1438 3822 1498 3866 sua
1520 3806 1673 3888 potenter

600 3948 606 3961 .
620 3925 786 3989 reposcere
801 3904 837 3968 in
860 3926 914 3969 ore
936 3904 1050 3990 gladii,
1065 3904 1147 3968 visis
1161 3904 1267 3969 literis
1282 3903 1407 3969 domini
1422 3925 1526 3990 papae,
1542 3908 1672 3968 mutato

451 4010 609 4090 Ronwenc.
622 4006 764 4083 consilio,
787 4006 954 4071 remansit.
1012 4006 1066 4084 Et,
1091 4005 1157 4071 hiis
1180 4006 1229 4071 ita
1250 4006 1359 4093 gestis,
1385 4028 1446 4072 rex
1469 4005 1671 4071 Francorum

475 4092 510 4128 ι’·
526 4083 580 4129 ¹²⁵·
622 4106 849 4195 L[odowicus]
884 4113 917 4173 et
942 4108 1069 4193 legatus
1102 4108 1255 4172 omnibus
1284 4129 1379 4173 cruce
1411 4108 1551 4196 signatis
1585 4108 1672 4175 diem

621 4216 814 4276 statuerunt
846 4210 1115 4298 peremptorium,
1154 4214 1194 4274 ut
1230 4210 1265 4275 in
1299 4210 1497 4276 Ascensione
1534 4210 1672 4276 Domini
1701 4221 1814 4289 cauny.

622 4313 712 4398 apud
744 4312 945 4400 Lugdunum
968 4334 1043 4377 curn
1066 4312 1161 4397 equis
1193 4318 1228 4378 et
1261 4313 1361 4377 armis
1390 4313 1453 4378 sub
1487 4335 1586 4400 poena
1615 4335 1671 4378 ex·

622 4416 931 4480 communicationis
964 4415 1190 4492 convenirent,
1231 4415 1322 4501 ipsos
1351 4414 1394 4479 ad
1429 4415 1672 4502 expeditionem

623 4517 824 4603 propositam
847 4518 998 4583 secuturi

634 4697 876 4707 .....——--—
1157 4697 1225 4704 -—-
1238 4693 1674 4704 *m

941 4818 947 4846 ¹
960 4815 1022 4883 zelo]
1043 4817 1164 4881 Supplicd
1175 4817 1239 4868 from
1249 4816 1292 4868 W.
1305 4816 1335 4867 B.
1349 4816 1378 4867 C.
