4517 6425
698 1186 763 1254 194
816 1196 982 1251 narrum
1005 1193 1220 1247 rsnrsmusrs
1242 1191 1409 1246 nrsrorus
1430 1191 1629 1244 munerun.

529 1389 687 1440 alr-1210·
701 1377 797 1444 dem¹
814 1380 894 1442 sunt
908 1374 1045 1462 sepulta.
1091 1371 1217 1460 Corpus
1231 1392 1311 1437 vero
1324 1370 1416 1458 regio
1431 1375 1571 1436 scemate
1594 1374 1767 1437 ornatum.

531 1482 579 1531 His
590 1481 658 1544 b0<15
666 1479 688 1529 5⁸
702 1480 744 1546 ad
775 1480 981 1567 Wigorniam
1012 1476 1160 1542 delatum
1186 1480 1245 1552 est,
1275 1479 1310 1539 et
1338 1476 1375 1540 in
1404 1473 1538 1540 ecclesia
1568 1471 1750 1540 cathedrali
1761 1483 1920 1565 Ropwenu

530 1548 681 1667 ῗξιᾝέ
703 1585 745 1650 ab
766 1585 915 1672 episcopo
936 1582 999 1647 loci
1020 1584 1210 1646 reverenter
1231 1579 1442 1645 tumulatum.
1488 1578 1647 1664 Tempore
1670 1598 1750 1641 vero
1786 1558 1894 1603 ¹¹¹·³⁸⁶·

532 1705 691 1768 Meeengere
704 1709 770 1774 quo
792 1686 882 1773 apud
904 1684 1067 1749 Neuwerc
1085 1682 1173 1748 idem
1193 1702 1253 1748 rex
1267 1683 1352 1747 mori
1375 1681 1562 1769 incipiebat,
1586 1686 1751 1746 venerunt

534 1773 691 1888 {sag'ffied
704 1792 747 1855 ad
777 1812 853 1855 eum
879 1787 1003 1853 ibidem
1033 1787 1148 1852 nuncii
1178 1785 1394 1871 quorumdum
1427 1784 1589 1851 baronum
1619 1784 1752 1870 Angliae

536 1905 679 1970 previously
703 1894 832 1959 circiter
861 1892 905 1957 xl.
936 1912 1011 1956 eum
1041 1889 1156 1969 literis,
1187 1890 1245 1975 qui
1274 1890 1461 1969 voluerunt,
1487 1895 1527 1953 ut
1557 1891 1752 1975 praetactum

537 1974 656 2021 tremene
703 2002 761 2075 est,
784 1998 826 2061 ad
848 2016 961 2081 pacem
983 1993 1070 2081 regis
1092 1991 1219 2073 redire3
1243 1993 1301 2057 sed
1324 1993 1394 2080 ipse
1412 1993 1449 2057 in
1464 1992 1621 2058 extremis
1643 2012 1750 2078 egens,

535 2042 632 2088 carons.
704 2100 782 2165 dare
804 2099 869 2164 hiis
892 2118 1023 2184 operam
1045 2117 1113 2161 non
1136 2093 1292 2161 ualebat.2

869 2406 1044 2472 Gestorum
1064 2403 1155 2490 repis
1180 2403 1209 2470 J
1211 2402 1390 2491 [olitanis]
1416 2401 1594 2468 conclusio.

536 2546 673 2665 onffifflls
748 2555 832 2622 Cum
848 2560 960 2620 autem
983 2558 1152 2639 regnasset
1166 2574 1226 2617 rex
1241 2551 1265 2617 J
1267 2552 1412 2617 ohannes
1432 2555 1529 2617 annis
1543 2552 1645 2631 xviii,
1660 2573 1749 2618 rnen·
1764 2606 1770 2621 .

536 2682 615 2747 reign.
704 2660 794 2724 sibus
816 2680 855 2735 v„
883 2658 1000 2723 diebus
1019 2662 1131 2721 autem
1159 2655 1256 2733 iiiior,
1279 2654 1322 2739 ab
1349 2656 1412 2722 hac
1427 2656 1509 2733 vita,
1532 2661 1607 2743 post
1629 2657 1770 2723 multas.

703 2763 802 2849 hujus
817 2760 917 2827 seculi
939 2759 1205 2847 perturbationes
1221 2765 1255 2824 et
1277 2758 1406 2824 labores
1428 2760 1572 2837 inutiles,
1595 2761 1631 2825 in
1645 2759 1771 2825 multa.

704 2864 825 2930 mentis
840 2863 1061 2928 amaritudine
1076 2862 1253 2927 distractus
1269 2862 1529 2949 transmigravit,
1545 2862 1631 2927 nihil
1646 2867 1771 2941 terrac„

538 2977 639 3029 &aaa
704 2967 806 3031 immo
821 2989 880 3032 nec
895 2988 929 3031 se
952 2968 1069 3052 ipsum,
1092 2966 1128 3028 in
1144 2988 1221 3051 pace
1245 2965 1424 3051 possidens.
1471 2964 1679 3051 Sperandum
1702 2970 1772 3031 est.

538 3042 816 3175 ffiffisslautem
843 3076 877 3134 et
903 3068 1101 3133 credendum
1127 3067 1339 3142 confidenter,
1372 3068 1459 3152 quod
1490 3069 1641 3154 quaedam
1666 3068 1772 3134 bone.

538 3177 680 3229 nisuehalf.
705 3195 812 3261 opera,
835 3193 908 3259 quus
930 3171 1009 3237 fecit
1035 3172 1071 3235 in
1095 3170 1157 3236 hac
1183 3171 1264 3248 vita,
1293 3169 1485 3257 allegabunt
1516 3193 1576 3259 pro
1607 3193 1645 3236 eo
1675 3176 1772 3238 ante.

707 3276 836 3341 Summi
850 3276 873 3340 J
876 3275 980 3340 udicis
995 3275 1151 3339 tribunal.
1186 3275 1383 3339 Construxit
1397 3274 1485 3340 enim
1501 3275 1668 3339 abbatiam
1685 3273 1772 3342 Oia.

707 3379 876 3444 terciensis
892 3378 1027 3442 Ordinis
1050 3377 1091 3441 de
1114 3376 1300 3455 Bello-locu,
1322 3381 1356 3441 et
1378 3377 1557 3443 moriturus
1580 3378 1691 3442 domui
1714 3377 1773 3444 de.

707 3483 896 3549 Orokestun
930 3503 1004 3545 cum
1040 3480 1134 3545 corde
1166 3501 1225 3545 suo
1259 3485 1382 3544 terram
1414 3481 1525 3546 decem
1559 3481 1774 3546 libratarum.

708 3586 839 3672 legavit.
888 3585 939 3661 Et,
957 3584 1045 3670 quod
1062 3605 1120 3670 per
1134 3584 1243 3649 secula
1258 3583 1487 3648 ascribendum
1503 3589 1553 3649 est
1568 3585 1599 3652 ei
1621 3586 1664 3649 ad
1685 3583 1774 3651 lau·.

708 3689 782 3753 deun
808 3687 1034 3764 immortalem,
1068 3687 1227 3772 quosdam
1258 3685 1395 3752 Graeciae
1417 3685 1651 3773 philosophos,³
1681 3709 1774 3751 cum.

708 3813 827 3877 magno
850 3791 937 3855 fastu
959 3790 1001 3854 ad
1023 3790 1148 3855 curiam
1171 3813 1265 3855 suam
1280 3790 1317 3854 iu
1331 3790 1404 3854 vita
1418 3813 1478 3855 sua
1496 3790 1672 3866 venientes,
1689 3791 1773 3875 qui,.

710 3893 889 3958 secundum
904 3915 1016 3959 eorum
1038 3895 1242 3972 assertiones,
1259 3894 1360 3958 fidem
1380 3891 1574 3958 catholicam
1589 3892 1624 3954 in
1640 3893 1773 3958 multis.

643 4067 648 4078 ⁸
710 3995 907 4061 voluemnt⁴
930 3997 1098 4084 corrigere,
1122 3997 1252 4084 repulit,
1280 4018 1340 4060 nec
1364 3996 1485 4060 mutire
1506 3992 1771 4082 permittebar.

748 4296 865 4363 'ibidem]
885 4297 976 4347 Added
987 4296 1014 4346 in
1025 4313 1103 4363 marg.
1293 4296 1449 4366 ‘oolaaunfl
1468 4297 1561 4349 Added
1571 4299 1599 4348 in
1609 4314 1689 4365 marg.

745 4376 834 4426 2Here
844 4377 868 4425 is
884 4377 992 4426 inserted
1010 4377 1037 4425 in
1049 4377 1090 4427 W.
1102 4379 1133 4427 B.
1146 4379 1167 4427 Ι.
1179 4393 1210 4428 nn
1291 4380 1301 4408 ⁵
1309 4376 1474 4444 permittebat]
1506 4379 1582 4429 Alter
1605 4378 1657 4428 this
1679 4380 1757 4440 word,

711 4455 812 4519 epitaph
823 4456 854 4504 of
865 4455 906 4504 six
919 4456 982 4506 lines
993 4472 1027 4505 on
1038 4456 1117 4516 John,
1126 4457 1210 4507 which
1257 4458 1327 4508 three
1338 4460 1407 4509 short
1424 4459 1489 4508 lines
1507 4460 1572 4510 heve
1583 4461 1647 4510 been
1664 4462 1757 4510 erased.

713 4536 739 4584 in
752 4536 781 4584 B.
794 4535 943 4609 istollowed
958 4538 993 4600 by
1004 4545 1054 4586 two
1065 4538 1137 4585 other
1148 4538 1210 4588 lines
1257 4539 1313 4588 The
1323 4546 1398 4588 event
1410 4540 1510 4590 alluded
1526 4547 1553 4589 to
1569 4540 1596 4588 in
1609 4540 1652 4589 the
1663 4546 1719 4589 text
1735 4540 1756 4588 is

713 4616 742 4666 of
755 4631 770 4665 a
781 4615 889 4665 sauncal
902 4615 1035 4665 character.
1256 4619 1350 4668 related
1369 4634 1439 4669 more
1459 4619 1524 4683 fully
1541 4621 1620 4669 under
1638 4619 1680 4669 the
1696 4634 1758 4684 year

747 4697 756 4723 ³
764 4692 931 4760 philosophos]
951 4694 1096 4759 philosofos,
1107 4694 1165 4746 MS.
1259 4701 1331 4746 1249.
