4517 6425
617 1185 683 1252 466
742 1198 909 1253 narrum
931 1197 1142 1252 raaurmrsrs
1163 1195 1330 1251 maroam
1350 1197 1549 1251 morosum

451 1510 520 1567 Ab.
534 1518 606 1567 12⁴2·
649 1509 844 1580 manetur
866 1530 972 1578 comeo
993 1507 1178 1590 Ricardua
1200 1515 1231 1576 ct
1253 1508 1360 1576 multi
1381 1507 1519 1589 nobiles,
1542 1510 1645 1578 toedto

856 1616 859 1623 '
946 1612 1055 1701 offecti
1077 1620 1108 1681 et
1129 1619 1337 1701 paupertate.

450 1789 548 1841 Reum
663 1778 780 1845 (lomes
810 1779 915 1866 igltur
936 1777 1098 1844 Ricardus
1130 1782 1165 1844 et
1196 1777 1296 1843 multi
1329 1798 1403 1843 cum
1434 1773 1493 1843 eo¹
1529 1776 1668 1858 nobiles,

450 1858 563 1977 fflffld
617 1882 717 1948 taedio
740 1881 849 1948 affecti
879 1886 914 1947 et
936 1886 1143 1968 paupertate,
1165 1902 1241 1946 cum
1275 1879 1511 1967 comperissent
1541 1902 1668 1948 moram

451 1991 589 2058 andmany
618 2006 731 2050 eorum
763 1984 801 2049 in
834 1984 986 2070 partibus
1021 1983 1087 2049 illis
1118 1984 1281 2063 inutilem,
1305 1984 1407 2048 immo
1441 1984 1667 2070 dampnosam,

452 2057 546 2176 ξξζιξξ
617 2088 723 2174 petita
751 2087 809 2153 sed
838 2109 905 2152 non
936 2091 1074 2173 optenta
1103 2110 1124 2153 a
1153 2109 1231 2174 rege
1260 2087 1404 2163 licentia,
1435 2088 1543 2167 armis,
1575 2088 1668 2176 equis

618 2195 653 2255 et
667 2191 804 2277 pecunia
826 2190 991 2270 destituti,
1006 2190 1120 2256 tristes
1143 2195 1177 2255 et
1199 2190 1331 2277 inglorii
1354 2195 1575 2256 revertuntur.
1622 2190 1669 2255 Et

618 2294 816 2379 navigantes
838 2298 913 2379 post
935 2293 1035 2379 longa
1056 2299 1091 2358 ct
1113 2292 1224 2359 tristia
1246 2294 1346 2359 maris
1368 2293 1520 2379 pericula,
1547 2293 1608 2357 vix
1632 2293 1669 2357 in

619 2394 796 2478 Oomubia,
820 2396 959 2485 dispersi
981 2402 1103 2475 tamen,
1125 2402 1259 2483 portum
1282 2397 1447 2484 attingere
1469 2400 1659 2483 potuerunt.

834 2662 1024 2733 Deductae
1046 2663 1182 2733 ecclesio
1203 2664 1243 2732 de
1271 2663 1442 2733 Wotttom.

474 2839 507 2884 ³0
519 2834 587 2901 Sept.
663 2828 853 2917 Eodemque
869 2851 966 2908 anno,
981 2829 1137 2896 videlicet
1151 2830 1187 2895 in
1203 2830 1345 2896 crastino
1356 2830 1473 2896 sancti
1490 2828 1669 2910 Michaelis,

452 2914 769 3032 {fffigfffiffidedicau
791 2937 841 2998 ast
863 2933 997 2999 ecclesia
1028 2934 1258 3000 conventualis
1279 2934 1319 2999 de
1342 2933 1512 3033 Waltham
1534 2933 1577 2998 ab
1601 2936 1670 3021 epi-

451 3049 589 3100 ehurehof
618 3058 714 3123 scopo
737 3034 942 3101 Norwicensi
956 3035 1123 3105 Willelmo
1146 3037 1372 3123 sollempniter
1392 3036 1497 3114 valde,
1515 3036 1669 3103 assisten-

451 3114 590 3171 waltham.
619 3136 734 3204 tibus⁹
756 3139 863 3204 eidem
899 3139 972 3203 aliis
1006 3139 1157 3228 pluribus
1181 3140 1340 3227 episcopis
1372 3145 1406 3206 et
1432 3139 1587 3228 praelatis,
1611 3143 1669 3227 qui

618 3248 849 3311 concesserunt
871 3245 1006 3311 veniam
1160 3244 1289 3311 dierum
1313 3243 1367 3330 pie
1390 3243 1671 3324 aduenientibus,l

618 3345 817 3414 annuatim*

843 3591 1048 3687 &cataplum
1070 3591 1221 3680 ccipituc
1243 3591 1285 3660 ab
1305 3590 1447 3680 Acylla.

452 3767 562 3835 §muge
664 3756 822 3842 Tempore
857 3776 986 3842 quoquo
1016 3755 1079 3820 sub
1109 3755 1224 3820 eodem
1255 3754 1440 3841 scutagium
1470 3774 1529 3841 per
1560 3757 1668 3821 totam

450 3836 595 3953 main
619 3859 786 3949 Angliam,
810 3858 934 3925 scilicet
957 3857 998 3924 de
1021 3864 1114 3925 scuto
1137 3856 1212 3925 xxii.
1236 3858 1342 3936 solidi,
1364 3863 1588 3947 extorquetur.

451 3969 578 4036 England.

619 4130 778 4218 Eltqttor
800 4129 899 4199 obbas
920 4129 1139 4201 Wareduuice
1160 4130 1203 4197 iu
1223 4130 1419 4221 episcopam
1436 4132 1669 4201 Cunerensem.

450 4280 567 4360 Election
672 4291 718 4356 Et
755 4291 868 4356 eodem
905 4295 1054 4376 tempore
1098 4289 1217 4369 Adam,
1256 4290 1357 4355 abbas
1394 4291 1435 4356 de
1472 4275 1667 4374 Waredona,

450 4377 581 4494 ξξςξῗζῗ
619 4395 741 4460 electus
772 4398 823 4458 est
853 4392 889 4457 in
919 4394 1108 4481 episcopum
1141 4391 1370 4471 Cunerensem,
1393 4398 1428 4459 et
1458 4394 1524 4460 cito
1554 4401 1670 4481 postea

451 4510 572 4572 wardon,
619 4498 841 4564 confirmatus,
889 4495 956 4576 Qui
990 4497 1197 4583 episcopatus
1231 4497 1266 4561 in
1301 4496 1464 4563 Hibernia
1496 4496 1669 4584 subjacens

450 4578 573 4697 goffigssf
618 4606 669 4668 est
691 4599 984 4688 archiepiscopatui
1007 4599 1226 4665 Armachano.

652 4880 658 4910 ¹
677 4877 717 4945 eo]
737 4876 883 4927 Interlined.
1201 4876 1211 4905 ⁴
1226 4876 1270 4940 qui
1286 4913 1293 4925 .
1311 4913 1318 4927 .
1337 4915 1343 4927 .
1361 4873 1500 4939 annuatim]
1532 4872 1623 4925 Added
1640 4876 1668 4927 in

651 4959 661 4988 ²
672 4955 852 5021 assistentibus]
866 4955 1049 5017 assestentibua
1058 4955 1115 5006 MS.
1167 4969 1245 5021 marg.
1281 4955 1336 5006 The
1347 4956 1453 5007 number
1464 4954 1494 5004 of
1505 4968 1578 5019 years
1589 4953 1610 5003 is
1623 4954 1669 5007 left

651 5035 872 5102 'adcumulem
892 5034 1047 5098 adventibus,
1059 5034 1115 5086 MS.
1167 5034 1252 5084 blank.
