4517 6425
1372 1206 1467 1254 nn
1508 1205 1825 1254 TEMPORE
1871 1205 2074 1255 REGIS
2122 1206 2435 1267 nemum,
2482 1206 2615 1256 vm.
2662 1204 2909 1254 marn.
3057 1190 3184 1255 239

1466 1481 1739 1549 Receczit
1785 1503 1993 1549 comes
2040 1481 2325 1562 Oestrioe,
2370 1481 2807 1571 Ranulplcus.
3214 1498 3525 1550 A.D.1219.
3598 1511 3600 1514 ·

750 1638 813 1717 ¹³:
829 1638 1011 1690 wend.
1046 1676 1062 1691 .
1179 1633 1327 1715 Quo
1371 1635 1723 1722 magnifico
1752 1635 2021 1724 negotio
2065 1635 2347 1703 feliciter
2397 1638 2870 1718 consummat-0,
2917 1634 3026 1701 vir
3068 1657 3188 1701 no-
3213 1644 3399 1709 Ralph,
3421 1646 3523 1696 ωτι

786 1722 851 1756 w.
878 1712 957 1757 ⁶²²·
1086 1738 1241 1803 bilis
1287 1738 1697 1826 Ranulphm,
1756 1760 1971 1805 comes
2017 1738 2403 1818 Castrensis,
2471 1744 2823 1827 postquam
2891 1738 3023 1804 fere
3072 1762 3191 1826 per
3214 1712 3509 1830 ggpnegter,

1088 1841 1433 1907 biennium
1478 1843 1553 1907 in
1596 1844 1867 1909 servitio
1914 1842 2044 1908 Dei
2107 1843 2357 1909 ibidem
2419 1842 2707 1909 fideliter
2764 1843 3189 1921 militaverat,
3214 1848 3376 1897 home.

1092 1967 1238 2010 cum
1284 1946 1486 2032 legati
1531 1946 1805 2011 lieentia
1849 1950 1917 2011 et
1960 1946 2437 2023 benedictione,
2484 1952 2553 2011 et
2596 1946 2808 2012 totius
2860 1947 3189 2013 exereitus

1046 2090 1064 2108 .
1089 2048 1313 2113 favore
1360 2053 1428 2115 et
1471 2049 1687 2130 laude,
1720 2070 1928 2114 naves
1972 2049 2270 2114 ascendit
2315 2049 2809 2137 repatriaturua

1206 2324 1604 2393 Loclowiozcs
1649 2350 1695 2393 a
1745 2327 1989 2393 Tolosoe
2034 2327 2379 2394 obsidione
2424 2328 2753 2415 confusus
2796 2328 3056 2395 recedit.

741 2475 1063 2558 ng.Wend.
1179 2476 1496 2563 Tempore
1543 2498 1801 2562 quoque
1849 2478 1972 2542 sub
2018 2476 2248 2543 eodem
2309 2476 2714 2556 Lodowicus,
2775 2476 2952 2543 filius
3019 2478 3190 2565 regis
3218 2490 3365 2557 Siege
3382 2490 3447 2542 of

813 2562 882 2597 Π·
909 2553 988 2597 ⁶²⁶
1091 2580 1511 2657 Francorum,
1541 2580 1628 2644 ad
1658 2579 2050 2646 instantiam
2084 2580 2294 2668 patris
2335 2581 2439 2646 sui
2469 2581 3019 2647 innumerabilem
3064 2582 3192 2647 col·
3216 2559 3481 2691 ξ’)ῗῗξιζζζ

1089 2683 1253 2769 legit
1305 2683 1687 2761 exercitum,
1742 2688 1821 2750 ut
1894 2683 2237 2749 haereticos
2291 2684 2681 2771 Albigenses
2732 2686 3153 2771 impugnaret
3178 2707 3193 2762 ;
3217 2692 3373 2742 Leuis
3395 2693 3458 2740 of

746 2786 1061 2866 ng.wend.
1088 2787 1490 2872 veniensque
1564 2785 1933 2865 Tholosam,
1993 2809 2140 2852 eam
2200 2787 2540 2854 obsidione
2608 2789 2900 2854 vallavit.
2995 2787 3192 2854 Cives
3355 2775 3427 2814 ⁰⁰·

816 2870 886 2904 ¹⁹·
911 2859 989 2905 ⁶³·
1049 2894 1311 2955 ,autem
1373 2889 1736 2954 defensioni
1797 2894 2131 2971 vacantes,
2194 2912 2334 2957 sese
2393 2891 2685 2957 viriliter
2743 2896 2980 2958 contra
3050 2891 3192 2977 ejus

1049 3034 1062 3048 ·
1089 2993 1525 3058 multiformes
1554 2993 1842 3058 insultus
1887 2992 2349 3071 defendebant,
2382 2994 2633 3081 lapides
2679 3017 2796 3083 pro
2841 2994 3190 3084 lapidibus,

1046 3131 1059 3147 ·
1087 3095 1338 3180 spicula
1392 3117 1510 3181 pro
1578 3097 1846 3181 spiculis
1891 3096 2310 3164 remittendo.
2427 3097 2596 3163 Cum
2650 3093 2863 3184 igitur
2909 3099 3194 3164 Franco·
3217 3103 3428 3157 Famine

1087 3222 1236 3264 rum
1289 3199 1619 3265 exercitus
1669 3200 1785 3264 diu
1838 3199 1952 3265 sed
2000 3199 2294 3266 inaniter
2343 3207 2411 3266 et
2475 3199 2879 3289 dampnose¹
2945 3202 3191 3267 ibidem
3216 3174 3319 3304 {¹5¹2}
3334 3180 3528 3292 11ξῖἿῖ

1086 3302 1461 3379 laborasset,
1512 3301 1690 3367 faeta
1736 3308 1837 3368 est
1882 3304 1954 3366 in
2014 3304 2258 3391 populo
2304 3304 2509 3369 fames
2569 3306 2927 3391 pervalida,
2991 3328 3187 3392 quam
3215 3320 3374 3372 army.

1085 3407 1286 3469 etiam
1314 3404 1665 3470 subsecuta
1694 3403 1835 3470 est²
1865 3405 2032 3471 nulli
2078 3428 2352 3492 parcens
2399 3407 2544 3472 dira
2571 3408 2940 3473 mortalitas
2978 3408 3188 3473 homi-

1081 3531 1244 3574 num
1290 3516 1359 3575 et
1402 3530 1716 3596 equorum
1766 3508 2192 3596 peremptiva.

1447 3773 1635 3842 Obiit
1684 3774 1965 3860 symon,
2016 3796 2225 3840 comes
2269 3774 2352 3839 Μ
2350 3773 2814 3860 ontis-fortis?

733 3928 1058 4009 Rpg.Wen‹1.
1174 3928 1427 4016 Symon
1473 3952 1751 4019 quoque,
1798 3951 2011 3995 comes
2081 3928 2577 4006 Montis-forti&
2629 3929 2820 3993 miles
2873 3928 3188 3993 strenuis·
3294 3936 3296 3938 ’

769 4012 844 4047 w.
871 4002 953 4047 ⁰³⁶
1048 4031 1290 4097 -simus
1356 4039 1425 4099 et
1489 4035 1686 4100 laude
1752 4033 1996 4119 dignus
2065 4032 2474 4121 triumphali,
2525 4033 2640 4119 qui
2707 4031 3053 4118 magnifice
3117 4031 3189 4095 in
3309 4049 3317 4060 “
3374 4108 3383 4109 7
3457 4117 3461 4118 γ
3583 4097 3677 4120 Ε,

1046 4136 1384 4220 -partibus
1454 4137 1588 4203 illis
1634 4137 1752 4201 diu
1798 4136 1942 4201 Deo
1992 4136 2424 4215 militaverat,
2473 4139 2632 4200 ante
2700 4140 2964 4222 portam
3026 4134 3191 4200 civi·
3231 4141 3401 4191 Βοιὼ
3421 4140 3483 4190 of
3509 4139 3705 4201 Simon,

1082 4241 1262 4319 tatis,
1331 4240 1551 4326 lapide
1618 4240 1701 4305 de
1763 4240 2053 4327 petraria
2119 4239 2374 4317 emisse,
2420 4239 2491 4304 in
2555 4238 2771 4325 capite
2824 4260 3184 4326 percussuS,
3343 4206 3606 4326 Megglugfr’t·

1040 4385 1052 4398 ·
1087 4350 1227 4409 toto
1273 4344 1559 4408 contrito
1603 4365 1889 4429 corpore,
1936 4342 2160 4408 subito
2205 4343 2278 4407 in
2322 4343 2687 4408 multorum
2737 4342 3028 4408 dolorem
3074 4365 3186 4407 ex-

1086 4445 1375 4534 piravit.⁴

2131 4703 2137 4726 ⁸
2179 4690 2286 4740 side
2310 4690 2434 4740 each
2457 4690 2622 4740 shield
2646 4691 2689 4740 is
2713 4706 2742 4740 a
2765 4691 2993 4751 roundle,
3017 4699 3186 4740 meant

1151 4697 1161 4724 ¹
1190 4690 1478 4757 dampnose]
1518 4691 1756 4753 dapnose,
1779 4688 1893 4740 MS.

1147 4776 1167 4803 '-'
1191 4773 1289 4837 est]
1331 4770 1624 4820 Interlined.
2131 4790 2136 4811 ι
2176 4776 2229 4817 to
2252 4776 2508 4834 represent
2531 4769 2617 4820 the
2634 4778 2802 4819 stenes
2817 4768 2982 4819 which
3001 4772 3183 4820 caused

1147 4856 1165 4881 ³
1192 4853 1253 4900 In
1293 4851 1380 4900 the
1425 4849 1624 4913 margin
1663 4862 1749 4898 are
1784 4848 1955 4897 drawn
2003 4847 2090 4897 the
2176 4849 2308 4898 their
2329 4850 2498 4902 death.

1079 4933 1264 4983 shields
1288 4933 1350 4980 of
1381 4945 1531 4987 arma,
1552 4928 1801 4987 reversed,
1824 4928 1883 4977 of
1911 4926 2089 4978 Simon
2243 4929 2260 4959 ⁴
2284 4928 2460 4978 Simon
2486 4930 2548 4979 de
2565 4928 2814 4978 Montsort
2834 4929 2947 4978 died
2964 4934 3029 4977 2⁵
3045 4929 3183 4979 June

1080 5015 1141 5060 de
1174 5010 1424 5060 Montsort
1446 5010 1547 5058 and
1570 5009 1650 5057 his
1672 5006 1896 5066 brother,
1919 5006 2088 5056 which
2176 5011 2322 5057 1218.
2392 5008 2488 5058 See
2511 5008 2762 5072 Dugdale,
2785 5008 2988 5067 Baron„
3012 5008 3046 5057 i.
3067 5011 3182 5066 752,

1082 5107 1169 5141 are
1190 5091 1315 5140 both
1338 5090 1491 5146 alike.
1535 5090 1646 5149 viz„
1684 5095 1879 5150 argent,
1917 5100 1949 5136 a
1981 5085 2086 5135 lion
2172 5087 2273 5135 and
2303 5091 2332 5113 ‘⁸
2352 5086 2516 5137 L’Art
2540 5089 2604 5137 (le
2626 5086 2846 5136 Verifier
2869 5087 2941 5136 les
2975 5086 3185 5162 Datesss’

1079 5178 1323 5234 rampant,
1348 5169 1531 5218 double
1553 5169 1713 5235 quevi-
1736 5169 1892 5232 galee.
1964 5166 2089 5218 Out-
2172 5164 2222 5213 ii.
2254 5169 2364 5216 678.
