4517 6425
688 1154 753 1219 258
805 1166 972 1218 usrrnnr
995 1163 1607 1218 ran1s1nua1sn1sron1ssaon0nnn

523 1353 765 1408 A.D.122³.suos
785 1363 854 1408 non
876 1339 1079 1428 respiciebat.
1124 1339 1289 1406 Dicebant
1303 1338 1405 1406 etiam
1420 1339 1463 1404 ad
1480 1338 1630 1414 invicem,
1645 1338 1752 1425 quod.

688 1442 806 1509 diatim
826 1466 903 1509 suas
924 1446 1058 1509 tantum
1080 1443 1297 1529 possessiones
1319 1442 1538 1523 accumulans,
1561 1437 1752 1508 animum¹.

687 1546 771 1631 regis
798 1547 1015 1633 exasperabat
1040 1550 1156 1611 contra
1187 1545 1269 1626 illos,
1299 1549 1333 1610 et
1364 1546 1453 1630 quod
1483 1544 1635 1611 similiter
1665 1564 1751 1609 non.

686 1647 790 1732 aequis
812 1648 940 1734 legibus
961 1670 1099 1736 regnum
1120 1647 1337 1735 gubernabat,
1361 1654 1396 1711 et
1418 1669 1528 1734 regem
1549 1644 1641 1716 non²
1663 1667 1751 1714 mo.

686 1750 787 1829 ribuar,
815 1757 854 1817 ut
883 1751 1054 1837 expedivit
1077 1756 1112 1816 et
1135 1751 1254 1827 decuit,
1276 1749 1479 1817 informavit.
1534 1748 1630 1829 Quod
1658 1747 1751 1815 bor.

686 1851 824 1920 rendum
855 1852 922 1919 fuit
951 1875 1010 1940 pro
1041 1854 1126 1938 regis
1151 1853 1341 1938 juventute,
1371 1852 1459 1937 quia,
1492 1853 1580 1937 quod
1611 1859 1628 1885 “
1643 1872 1752 1916 nova.

686 1959 775 2020 testa
796 1956 896 2042 capit,
919 1955 1108 2021 inveterata
1128 1951 1292 2041 sapitl’'⁸
1336 1954 1485 2020 Accessit
1508 1958 1668 2040 praeterea
1689 1951 1750 2017 ad.

685 2056 819 2142 majoris
857 2058 925 2124 odii
962 2059 1169 2124 incentivum
1206 2057 1369 2123 adventus
1405 2056 1600 2122 nunciorum
1637 2055 1732 2141 regis,

686 2182 767 2245 quos
791 2161 931 2228 Romam
946 2161 1087 2237 miserat,
1112 2161 1170 2247 qui
1192 2160 1318 2227 bullam
1342 2160 1468 2226 domini
1492 2156 1607 2246 papas⁴
1629 2156 1735 2223 archi·

686 2264 846 2351 episcopis
882 2264 1013 2351 Angliae
1046 2268 1081 2330 et
1119 2285 1232 2329 eorum
1268 2261 1494 2349 suffraganeis,
1526 2283 1601 2347 quae
1631 2260 1732 2326 talem

685 2365 901 2432 continebant
922 2366 1130 2443 sententiam,
1146 2361 1361 2446 detulerunt,⁶
1376 2365 1540 2443 videlieet,
1564 2363 1654 2451 quod
1676 2363 1733 2429 do·

520 2473 652 2540 Thepope
686 2469 795 2537 minus
817 2490 903 2556 papa
924 2490 1035 2555 regem
1056 2469 1190 2554 Angliae
1212 2468 1318 2555 plenae
1340 2467 1452 2535 astatis
1474 2466 1732 2553 adjudicaverat,

481 2649 485 2659 ¹
518 2542 650 2675 iffi}
686 2577 726 2638 ut
752 2572 793 2638 de
816 2576 924 2639 cetero
946 2572 1081 2659 negotia
1103 2571 1198 2657 regni
1220 2571 1307 2636 idem
1325 2592 1385 2637 rex
1407 2570 1635 2658 principaliter
1658 2591 1732 2636 cum

517 2677 634 2737 agean
684 2696 817 2740 suorum
847 2674 1100 2740 domesticorum
1130 2673 1267 2739 consilio
1289 2673 1466 2740 ordinaret.
1521 2672 1730 2759 Significavit

517 2742 787 2878 iiiektffleetiam
818 2777 1049 2843 executoribus
1078 2775 1259 2862 praelibatis
1282 2776 1435 2841 dominus
1457 2797 1544 2862 papa
1566 2776 1602 2838 in
1624 2775 1730 2842 literis
1739 2796 1902 2876 Rapwend.

517 2874 583 2928 don.
685 2878 889 2966 supradictis,
905 2878 1062 2963 quatinus
1076 2879 1275 2945 anctoritate
1297 2879 1477 2965 apostolica
1492 2878 1729 2946 denunciarent
1773 2879 1807 2915 Ν·
1820 2869 1860 2915 ⁸⁹·

684 2980 868 3059 comitibus,
899 2980 1088 3058 baronibus,
1111 2981 1275 3046 militibus
1306 2988 1340 3048 et
1369 2981 1444 3047 aliia
1468 2980 1641 3058 univasis,
1673 2982 1730 3066 qui

684 3084 852 3152 custodias
888 3082 1055 3149 habebant
1085 3089 1276 3161 castrorum,
1305 3084 1466 3150 honorum
1497 3089 1531 3150 et
1564 3082 1729 3162 villarum,

684 3210 758 3274 quae
779 3186 822 3254 ad
845 3187 932 3273 regis
954 3186 1157 3253 dominicum
1181 3187 1382 3274 spectabant,
1406 3192 1445 3252 ut
1467 3186 1634 3265 continuo,
1648 3185 1730 3252 visis

683 3290 798 3371 literis,
822 3289 892 3376 regi
913 3289 987 3354 illas
1009 3289 1207 3369 redderent3
1242 3290 1502 3356 contradictores
1536 3295 1648 3356 autem
1671 3312 1729 3377 per

682 3414 853 3459 censuram
876 3392 1127 3459 ecclesiasticam
1151 3392 1195 3458 ad
1218 3393 1474 3459 satisfactionem
1497 3392 1729 3480 compellendo.

517 3499 633 3551 someor
683 3495 783 3563 Unde
820 3517 896 3582 pars
932 3495 1080 3561 maxima
1108 3496 1275 3574 comitum,
1307 3517 1446 3581 quorum
1484 3496 1584 3562 corda
1614 3518 1730 3563 concu-

515 3567 656 3698 dissl⁶⁸
682 3599 841 3686 pisoentia
875 3598 998 3676 aene,
1025 3598 1215 3685 hujusmodi
1249 3604 1414 3687 praepa
1449 3599 1585 3686 indigne
1613 3599 1729 3674 ferens,

513 3701 663 3816 {spumaue
681 3701 869 3787 bellumque
899 3701 1054 3767 suscitare
1085 3701 1272 3789 disponens,
1295 3702 1451 3769 convenit
1479 3703 1516 3768 in
1546 3723 1658 3783 unum,
1685 3707 1727 3780 et,

543 3783 584 3833 ¹¹⁸⁸
681 3805 922 3890 conspiratione
948 3805 1045 3885 facta,
1068 3805 1274 3893 supradictas
1289 3806 1471 3870 occasiones
1491 3803 1727 3893 praetendebat,

679 3913 718 3973 ut
740 3929 853 3994 pacem
875 3907 969 3994 regni
990 3906 1223 3993 perturbaret;
1256 3909 1343 3973 unde
1366 3908 1435 3995 regi
1457 3909 1621 3995 resignare
1644 3930 1742 3994 praa.

679 4009 769 4078 dieta
799 4031 875 4095 pars
903 4009 1024 4093 renuit,
1055 4032 1132 4097 pars
1167 4010 1361 4097 suprasedit,
1384 4032 1460 4098 pars
1482 4009 1601 4078 obedit.
1658 4008 1742 4077 Sed.

677 4111 747 4180 haec
769 4111 862 4177 infra.

875 4315 924 4380 Dc
947 4335 1041 4383 cram
1063 4321 1182 4382 aarrcto
1203 4313 1301 4402 aprcd
1321 4312 1522 4382 Broarbolm.

510 4441 671 4501 Mitulerol
721 4440 822 4509 Anno
846 4462 976 4528 quoque
999 4438 1061 4507 sub
1085 4439 1200 4507 eodem
1217 4439 1306 4531 apud
1322 4438 1512 4504 Bromholm
1527 4439 1725 4510 crebuerunt
1733 4448 1897 4515 Roawena„

511 4509 627 4629 ffl'ss
677 4545 793 4610 divina
824 4543 991 4623 miracula,
1024 4543 1067 4608 ad
1106 4544 1242 4631 gloriam
1282 4549 1317 4608 et
1345 4543 1503 4609 honorem
1539 4543 1722 4609 Dominieae
1744 4534 1747 4538 ’
1770 4517 1804 4568 iv.
1817 4523 1858 4570 ⁸⁹·

510 4643 664 4698 Bromhonn
676 4648 840 4713 Passionis
863 4651 898 4712 et
920 4669 1007 4712 verae
1030 4646 1143 4713 erucis.
1189 4647 1240 4711 De
1265 4645 1357 4731 cujus
1383 4647 1486 4711 crucis
1512 4646 1666 4712 allatione
1689 4650 1740 4713 et·

708 4867 847 4934 ¹arr'mnm]
866 4883 977 4932 sumum,
987 4866 1043 4919 MS.
1256 4867 1368 4934 ιραρα]
1386 4866 1414 4918 Α
1431 4869 1500 4921 word
1518 4868 1564 4922 has
1583 4870 1647 4922 been
1663 4868 1722 4919 here

706 4947 954 5013 ²m]1nterlined.
1222 4947 1303 4996 added
1327 4946 1354 4997 in
1384 4961 1473 5014 marg..
1501 4948 1547 4998 but
1576 4947 1722 5000 absmarus

708 5029 852 5081 ⁸Founded
868 5043 902 5082 on
921 5027 1010 5082 Horat.
1033 5025 1090 5090 sp„
1101 5024 1146 5078 lib.
1159 5026 1176 5076 i.
1222 5028 1316 5083 erased.

675 5104 702 5159 ii.
716 5113 755 5159 69.
1254 5104 1423 5174 ‘delatam
1441 5107 1662 5175 Addedinmarg.
