4517 6425
666 1174 732 1238 486
793 1184 962 1236 mmmm
985 1184 1197 1237 ramsrausrs
1220 1185 1386 1238 merolus
1407 1182 1605 1238 Arctorum

499 1370 568 1422 Am.
583 1376 654 1423 1244.
666 1363 724 1446 qui
748 1364 815 1429 iere
841 1384 954 1428 omnes
975 1362 1167 1430 asserebant
1191 1383 1227 1427 sc
1250 1382 1319 1427 esse
1341 1360 1464 1426 amicos
1486 1382 1588 1448 papae,
1602 1360 1716 1426 affines

498 1992 549 2040 and
560 1992 632 2043 lando

500 2064 527 2107 at
538 2058 632 2112 Genoa

667 1465 722 1531 vel
763 1464 1047 1553 consanguineos.¹
1095 1465 1243 1532 Intravit
1274 1465 1381 1552 igitur
1413 1486 1514 1529 unam
1548 1463 1717 1551 galearum

665 1567 798 1634 illarum
829 1569 984 1635 dominus
1008 1590 1101 1656 papa,
1126 1574 1161 1635 et
1187 1568 1303 1635 eadem
1329 1567 1387 1633 via
1410 1568 1632 1655 navigantem
1657 1566 1716 1631 ubi

666 1672 756 1759 capti
779 1677 875 1737 erant
897 1672 1037 1759 praelati,
1060 1672 1101 1737 dc
1124 1671 1246 1757 quibus
1269 1670 1465 1757 praedictum
1491 1676 1551 1749 est,
1573 1670 1610 1734 in
1632 1674 1716 1735 tem-

666 1780 795 1862 pestate
817 1797 939 1862 magna
972 1775 1166 1861 navigando
1197 1774 1252 1839 die
1275 1774 1413 1840 Veneris
1439 1775 1589 1859 sequenti
1611 1772 1716 1861 appli-

667 1885 808 1944 cuerunt
833 1878 871 1943 in
896 1884 996 1965 portu
1020 1877 1139 1944 insulce
1163 1878 1335 1963 cujusdam
1359 1877 1563 1955 Pisanorum,
1587 1876 1654 1954 ubi,
1677 1879 1717 1940 ut

667 1982 877 2067 respirarent,
893 2004 961 2047 una
987 1986 1084 2048 nocte
1105 1981 1295 2047 latitabant.
1341 1981 1405 2046 Dic
1424 2003 1502 2047 vero
1529 1980 1656 2055 Martis,
1680 1980 1717 2043 in

667 2107 788 2171 magno
825 2085 1033 2173 tempestatis
1078 2084 1268 2150 discrimine
1312 2088 1534 2171 pervenerunt
1570 2083 1717 2149 Junuam

590 2220 595 2231 κ
667 2188 858 2254 laetabundi
905 2189 1062 2254 Distabat
1096 2193 1211 2253 autem
1244 2210 1331 2276 papa
1364 2188 1407 2254 ab
1441 2187 1523 2253 urbe
1557 2186 1716 2264 Romana,

436 3117 441 3131 “
498 3116 610 3169 Griefof

496 3184 540 3236 the
551 3200 634 3251 empe-

494 3265 545 3313 ror,
556 3253 615 3304 who

666 2291 754 2358 unde
789 2296 935 2371 venerat,
967 2314 1024 2358 xv.
1057 2291 1164 2357 dietis.
1219 2291 1383 2378 Receptus
1415 2297 1465 2357 est
1496 2295 1609 2356 autem
1641 2312 1716 2356 oum

664 2395 786 2460 laetitia
815 2390 939 2482 magna
971 2418 992 2459 a
1024 2394 1215 2460 concivibus
1249 2396 1326 2476 suis,
1350 2393 1429 2481 quia
1461 2394 1585 2459 ibidem
1616 2397 1717 2457 natus

665 2499 739 2579 fuit,
779 2499 977 2575 dicentibus,
1015 2498 1252 2563 “Benedictus
1289 2498 1347 2583 qui
1385 2498 1480 2564 venit
1510 2497 1546 2561 in
1584 2496 1717 2559 nomine

666 2601 853 2666 Domini.”³
900 2602 946 2666 Et
969 2601 1017 2665 ibi
1045 2601 1199 2688 promisit
1221 2624 1307 2688 papa
1329 2602 1477 2667 conferre
1501 2600 1568 2666 illis
1591 2604 1626 2664 et
1648 2597 1717 2663 suis

664 2705 917 2793 consanguineis
940 2705 1048 2769 multa
1071 2704 1214 2770 ecclcsiae
1237 2703 1420 2771 beneficio.⁴

918 2964 1114 3054 Imperator
1130 2963 1287 3053 fallitur,
1310 2970 1340 3031 et
1363 2963 1457 3031 dolet

711 3115 897 3202 Obstupuit
928 3116 1118 3203 imperator,
1143 3115 1208 3181 hiis
1242 3115 1375 3197 auditis,
1399 3121 1434 3181 et
1468 3114 1580 3181 dolens
1612 3137 1647 3180 se
1678 3115 1715 3180 in

666 3242 724 3285 suo
757 3221 861 3307 impio
893 3220 1068 3307 deceptum
1100 3221 1278 3307 proposito,
1301 3220 1345 3285 sd
1375 3220 1441 3286 ulia
1471 3241 1505 3284 se
1528 3215 1716 3285 convertit⁶

495 3321 636 3436 ἔξω
663 3322 802 3388 ultionis
832 3320 1050 3410 argumenta.⁰
1095 3322 1141 3388 Et
1164 3345 1206 3389 cx
1226 3327 1310 3389 tunc
1332 3321 1411 3389 fecit
1433 3314 1520 3409 papa
1540 3320 1715 3388 acclamari

581 3389 652 3439 tobe

495 3455 614 3519 gundcd.

664 3425 922 3514 F[rethericum]
955 3427 1189 3514 imperatorem
1221 3448 1291 3492 esse
1324 3425 1538 3491 manifestum
1571 3424 1715 3491 ecclesiae

663 3535 912 3618 persecutorem.
969 3530 1064 3596 Fecit
1097 3551 1241 3615 namque
1287 3529 1395 3595 adhuc
1432 3529 1502 3616 ipse
1534 3529 1716 3616 imperator

662 3634 735 3699 vias
758 3632 925 3712 custodiri,
949 3655 990 3697 ne
1012 3633 1056 3697 ad
1085 3633 1195 3719 ipsum
1226 3653 1345 3719 papam
1375 3629 1558 3698 habentes⁷
1580 3632 1716 3721 negotia

663 3737 878 3824 expedienda,
914 3758 957 3801 ex
991 3735 1143 3823 portibus
1173 3735 1317 3806 maxime
1348 3735 1613 3818 occidentalibus,
1643 3758 1715 3825 pcr-

665 3842 779 3908 venirc
802 3837 1006 3907 veluissent.⁸

698 4107 706 4136 ¹
725 4104 834 4154 civitatis
857 4138 888 4155 ..
907 4140 938 4153 ..
960 4101 1163 4168 consanpuineos]
1244 4105 1255 4135 ⁴
1271 4101 1401 4170 beneficio]
1419 4102 1533 4162 benefici,
1544 4099 1601 4155 ΜΒ.

665 4184 778 4238 written
790 4183 910 4247 onaslip
926 4183 956 4232 cf
968 4183 1062 4234 vellum
1078 4184 1167 4247 posted
1243 4184 1387 4235 ‘saincte
1404 4221 1410 4234 .
1430 4221 1437 4235 .
1455 4222 1462 4234 .
1479 4186 1608 4251 concutit]
1633 4184 1712 4239 wut-

666 4279 727 4316 0ver
737 4264 781 4314 the
792 4262 902 4328 original
913 4269 976 4324 text,
987 4262 1072 4312 which
1085 4264 1167 4324 reads,
1211 4268 1252 4313 ten
1273 4279 1305 4313 on
1322 4263 1385 4328 slips
1402 4265 1432 4314 of
1444 4265 1538 4316 vellum
1553 4268 1642 4331 pasted
1652 4279 1713 4319 orer

663 4345 780 4406 ciuitatis,
808 4344 851 4408 qui
869 4360 896 4392 se
920 4359 999 4392 mones
1013 4341 1168 4408 jactitabant
1210 4358 1362 4394 ancrasure.

665 4441 717 4474 esse
738 4423 828 4473 domini
843 4438 927 4487 papoe,
942 4429 1044 4489 propter
1063 4423 1167 4472 retriba-
1243 4421 1367 4474 ‘ultionis
1389 4425 1544 4491 arpumento]
1569 4426 1662 4478 Added
1684 4427 1712 4479 in

665 4505 757 4565 tionem,
776 4503 904 4568 nemlyas
923 4502 952 4552 in
966 4501 999 4554 B.
1013 4501 1042 4554 O.
1076 4503 1108 4552 In
1123 4503 1167 4553 tho
1209 4518 1289 4569 marg.

664 4584 766 4649 margin
784 4584 838 4634 also
854 4597 923 4633 some
936 4583 1019 4631 words
1030 4581 1165 4633 havebeen
1245 4586 1254 4612 ⁷
1271 4582 1397 4650 habenta]
1417 4585 1459 4636 On
1470 4600 1504 4635 an
1515 4599 1623 4636 erasure.

665 4665 754 4725 added,
776 4665 823 4713 but
848 4663 918 4715 these
946 4678 988 4712 arc
1016 4661 1167 4726 completely
1244 4664 1402 4728 ”nepotia..
1420 4663 1585 4731 ‚solebrecq
1599 4665 1710 4717 Written

665 4745 759 4795 crased.
1211 4759 1243 4793 on
1262 4759 1278 4793 a
1296 4744 1367 4809 picco
1387 4744 1418 4794 of
1432 4745 1527 4794 vellum
1544 4747 1633 4809 pasted
1651 4763 1711 4798 over

696 4826 707 4855 ¹
725 4823 883 4889 accipientes]
903 4823 958 4874 The
970 4822 1019 4873 last
1029 4822 1167 4888 syllableis
1210 4824 1253 4874 the
1267 4824 1375 4889 original
1386 4831 1448 4885 text,
1460 4825 1545 4874 which
1557 4827 1637 4888 reads,
1652 4827 1711 4892 [pe-

664 4921 697 4956 on
720 4921 753 4955 an
770 4918 877 4954 erasure.
911 4903 942 4951 In
962 4903 1005 4953 the
1024 4902 1123 4966 margin
1143 4903 1166 4951 is
1209 4904 1322 4969 cunssum
1347 4904 1545 4970 [perlucebant
1565 4915 1590 4956 et
1607 4915 1710 4973 propter

663 4985 764 5035 written
775 4984 837 5033 with
849 4998 864 5032 a
875 4983 1004 5047 plummet,
1013 4998 1060 5046 per
1069 4997 1142 5031 mare.
1209 5001 1281 5047 quam
1292 4982 1391 5034 liberius
1401 4985 1562 5052 recipiendum
1580 4984 1637 5037 idue
1650 5005 1711 5054 pro·

697 5065 859 5112 'innomine
879 5061 995 5128 Domine]
1018 5062 1164 5113 Interlined.
1205 5072 1344 5129 posucrat,
1363 5101 1519 5117 .......

663 5146 739 5195 From
751 5141 843 5195 Matth.
856 5141 910 5193 xxi.
924 5148 946 5193 9.
