4517 6425
666 1078 709 1140 58
790 1089 955 1141 MA'l'l'HAEI
978 1089 1193 1144 Psmsmnsls
1215 1093 1378 1144 HISTORIA
1397 1094 1596 1147 mulionum

493 1282 561 1336 nl).
576 1289 648 1335 uos.
664 1287 839 1355 suspensus
862 1271 921 1334 est
966 1266 1069 1355 cujus
1102 1268 1182 1355 quia
1212 1292 1310 1336 causa
1339 1270 1427 1336 bona
1459 1277 1539 1353 erat,
1567 1272 1729 1340 creditur.

662 1393 683 1435 a
708 1370 823 1436 multis
855 1374 890 1436 et
920 1369 1111 1451 affirmatur,
1134 1373 1269 1460 praemio
1299 1375 1474 1440 martirum
1496 1397 1564 1441 non
1594 1377 1730 1444 debere.

657 1473 775 1540 meritc
802 1473 997 1540 defraudari.

889 1720 992 1806 Ho90
1015 1721 1055 1788 de
1078 1720 1305 1790 curo-mona
1327 1722 1473 1811 cupitur.

490 1888 612 1953 Hagnae
700 1870 825 1937 Eodem
847 1892 944 1950 anno,
967 1870 1055 1936 facto
1070 1871 1214 1956 quadam
1236 1872 1349 1938 hostili
1372 1875 1597 1962 congressione
1619 1874 1707 1941 inter
1719 1884 1879 1964 Ropwene.

488 1955 617 2072 gpppont
655 1997 748 2063 reges
781 1974 981 2062 saepedictos,
1012 1979 1128 2061 captus
1162 1979 1213 2040 est
1251 1975 1353 2063 Hugo
1386 1976 1429 2042 da
1459 1976 1704 2056 Calvo-monte,
1751 1951 1788 2005 Μ
1801 1958 1842 2006 ⁹⁵·

488 2088 609 2153 prisoner.
655 2079 748 2143 mites
774 2076 1030 2156 strenuissimus,
1063 2076 1205 2142 Ricardo
1237 2079 1308 2165 regi
1339 2079 1483 2145 multum
1507 2080 1645 2146 nocivus
1671 2087 1725 2147 et.

654 2182 802 2257 infestus,
826 2185 861 2246 et
894 2180 965 2266 regi
991 2179 1193 2245 Francorum
1218 2182 1405 2247 camssimus
1427 2187 1462 2248 et
1491 2181 1706 2250 familiarissi-

653 2307 734 2350 mus,
782 2283 849 2363 Qui
879 2281 1099 2347 committitur
1130 2282 1347 2349 Rcberto'de
1374 2284 1441 2350 Ros
1462 2286 1705 2360 custodiendus,
1718 2295 1877 2375 ch3wenn

653 2387 712 2453 sed
733 2386 774 2451 de
800 2390 896 2450 nocte
917 2406 975 2471 per
997 2407 1129 2450 murum
1155 2386 1324 2468 demissus,
1350 2387 1466 2452 evasit.
1523 2387 1624 2453 Unde
1646 2411 1706 2455 rex
1751 2370 1841 2416 ΜΘ·

654 2487 858 2577 R[icardus]‚
881 2509 985 2573 nsque
1014 2488 1058 2552 ad
1083 2489 1337 2555 amaritudinem
1363 2490 1500 2576 spiritus
1532 2491 1646 2557 dolens
1672 2498 1706 2559 et

653 2594 767 2668 iratus,
790 2589 878 2677 cepit
900 2612 921 2653 a
945 2589 1091 2656 Roberto
1118 2590 1209 2656 mille
1236 2595 1271 2656 et
1302 2592 1460 2656 ducentas
1490 2614 1617 2658 marcas
1646 2616 1712 2680 pro·

655 2693 922 2781 transgressione,
945 2696 980 2757 et
1002 2692 1206 2758 Willelmum
1226 2694 1268 2758 de
1288 2693 1437 2780 Spineto‚
1454 2696 1615 2760 famulum
1639 2696 1714 2763 Rod

652 2798 747 2876 berti,
771 2818 831 2882 pro
853 2816 1013 2861 consensu
1036 2795 1186 2881 patibulo
1207 2795 1309 2881 jussit
1331 2798 1494 2882 suspendi.

707 3019 898 3108 Philippus
920 3018 1132 3087 Pictcvcusc'a
1155 3025 1368 3087 omasccrutur
1389 3020 1432 3087 in
1458 3020 1652 3109 episcopum

1036 3122 1307 3190 Dunetmenscm.

483 3285 610 3365 Phnjpof
700 3269 778 3336 Hiis
801 3293 931 3358 qnoque
955 3269 1091 3337 diebus¹
1116 3271 1303 3360 Phillippus
1334 3272 1539 3339 Pietavcnsis
1568 3275 1604 3339 in
1632 3274 1872 3361 epi-Itfflend.

483 3358 613 3471 fflssfcssa
650 3397 784 3463 scopum
800 3375 1056 3441 Dunelmensem
1077 3381 1291 3441 consecratur.
1332 3376 1418 3463 Ipsis
1441 3399 1570 3463 quoque
1586 3376 1719 3445 diebus}
1736 3364 1773 3400 m
1789 3356 1843 3403 ¹²³·

484 3489 619 3551 acopos
651 3478 829 3565 imperator
852 3477 1016 3542 Henricus
1038 3478 1080 3542 ab
1101 3478 1254 3543 omnibus
1269 3479 1385 3543 mundi
1407 3478 1619 3566 principibus,
1643 3480 1717 3545 sed'.

484 3555 608 3605 Durham.
654 3581 797 3646 maxime
829 3603 849 3645 a
882 3579 1028 3667 praelatis
1062 3586 1232 3668 correptus
1259 3585 1294 3646 et
1316 3580 1569 3657 scandalizatus,
1599 3583 1721 3669 coepit.

481 3648 558 3701 Nm
653 3684 866 3749 vehementer
881 3682 1041 3749 ultionem
1065 3683 1107 3749 ab
1123 3683 1312 3749 hominibus
1334 3684 1388 3749 vel
1411 3706 1431 3749 a
1454 3684 1525 3749 Deo
1547 3685 1717 3771 indigen.

652 3787 728 3851 dam
759 3807 818 3872 pro
851 3786 1078 3873 redemptione
1112 3791 1146 3851 et
1184 3786 1347 3874 praecipue
1367 3785 1577 3874 'emptione⁹
1613 3789 1718 3875 regis.

482 3904 632 3969 Theempe
653 3890 789 3955 Ricardi
812 3888 994 3954 formidare.
1040 3887 1202 3976 Exemplo
1225 3888 1328 3975 igitur
1342 3890 1433 3954 ducis
1456 3888 1602 3955 Austriae
1626 3895 1718 3977 per-L

480 3971 622 4087 {ffl‘tffi
650 3993 796 4071 territus,
829 3994 995 4079 poenitens
1021 3990 1147 4078 legavit
1179 3992 1323 4079 capitulo
1351 3990 1619 4058 Cisterciensium
1648 3998 1718 4060 rc.',

481 4119 583 4154 ransom
649 4095 870 4183 demptionem
902 4096 988 4181 regis
1020 4094 1209 4181 supradicti,
1236 4093 1279 4158 ad
1309 4093 1424 4159 calices
1453 4099 1488 4160 et
1510 4082 1715 4161 thurribula.

481 4171 802 4289 fflfflftofacienda.
857 4196 1006 4263 Abbates
1027 4218 1114 4274 vcro,
1138 4197 1196 4283 qui
1220 4219 1331 4262 omnes
1356 4219 1467 4284 regem
1490 4197 1715 4286 R[icardum]'.

479 4304 523 4354 the
534 4304 590 4355 eis
646 4302 710 4366 sibi
734 4323 863 4388 semper
893 4300 1050 4366 devotum
1073 4304 1280 4379 amaverunt,
1305 4300 1397 4365 illam
1420 4301 1592 4387 pecuniam
1622 4307 1714 4367 ton-.

480 4378 594 4423 ‘mm'
645 4426 745 4491 quam
776 4404 925 4489 rapinam
956 4406 1154 4479 execrantes,
1182 4403 1359 4468 noluerunt
1388 4403 1493 4489 ipsam
1523 4405 1713 4490 pecuniam·

644 4507 706 4573 sub
728 4506 789 4572 tali
812 4507 918 4571 forma
939 4505 1090 4593 recipere.
1137 4504 1282 4569 Erubuit
1303 4505 1491 4591 imperator,
1515 4511 1549 4572 et
1571 4507 1713 4593 placuit.

645 4612 714 4697 regi
738 4610 908 4696 R[icardo]
933 4609 1093 4674 abbatum
1119 4608 1294 4694 responsio

650 4762 812 4769 ——-—..-.
884 4763 1000 4769 ......-
1038 4762 1135 4767 --..-
1164 4761 1168 4766 .
1207 4761 1232 4765 ·-
1321 4760 1352 4764 --
1395 4760 1398 4764 ·
1457 4761 1695 4774 -----.-...,-

687 4831 793 4895 'Philip
805 4830 835 4880 os
847 4830 955 4880 Poitiers
967 4845 1020 4880 was
1036 4838 1081 4880 not
1092 4845 1151 4879 con·
1194 4836 1269 4880 erant
1280 4828 1301 4878 is
1312 4830 1413 4879 entered
1430 4829 1525 4894 rightly
1544 4837 1570 4880 at
1587 4831 1630 4881 tha
1648 4833 1695 4882 end

649 4913 761 4962 socraoed
776 4911 815 4959 till
831 4916 864 4959 20
883 4908 961 4974 April
985 4913 1055 4960 1197.
1102 4910 1150 4960 Sec
1195 4912 1225 4960 of
1240 4910 1296 4960 that
1306 4924 1374 4976 year.

647 4996 662 5019 “
681 4989 751 5040 Fasti
783 4989 880 5039 Ecetra
911 4986 1085 5052 Anglicmar,”
1111 4988 1148 5038 iii.
1227 4991 1378 5058 ²emprione]
1398 4990 1575 5055 aprioneMS

645 5074 714 5127 2843
741 5069 789 5118 and
810 5067 836 5117 in
859 5066 901 5118 W.
924 5067 974 5117 and
995 5066 1026 5117 B.
1047 5065 1077 5119 C.
1097 5066 1149 5116 this
