4517 6425
740 1207 788 1257 ur
808 1205 969 1258 ruinosa
990 1203 1092 1256 soors
1113 1202 1271 1269 mmor,
1291 1204 1360 1257 vn.
1382 1205 1508 1257 rursu.
1576 1192 1638 1256 421

967 1486 1017 1553 Dc
1039 1484 1160 1575 ccupat
1181 1485 1271 1553 solis.
1654 1504 1723 1558 ΑΙ).
1737 1512 1810 1562 rrae.

641 1635 741 1701 Anno
763 1657 892 1723 quoquo
913 1636 976 1702 sub
996 1635 1118 1715 eodem,
1133 1635 1235 1701 tertio
1259 1635 1312 1701 die
1332 1636 1356 1702 J
1357 1636 1439 1719 unii,
1463 1658 1578 1724 passus
1592 1640 1643 1703 est
1655 1653 1798 1717 Eelipmf

596 1738 645 1803 sol
667 1739 820 1827 eclipsim,
843 1739 925 1805 hora
946 1744 1049 1817 sexta,
1070 1738 1107 1804 in
1138 1738 1270 1824 signum
1298 1740 1386 1826 quod
1417 1740 1569 1827 possibile
1593 1744 1644 1806 est
1655 1722 1699 1772 ‘¹¹⁰
1709 1738 1766 1774 Μ

595 1842 776 1929 assignari¹
802 1841 953 1921 ecclesiae,
982 1864 1066 1929 quse,
1101 1842 1203 1928 quasi
1229 1842 1286 1920 sol,
1320 1863 1425 1929 genus
1459 1843 1642 1909 humanum

595 1943 770 2011 illuminat.
815 1944 959 2011 Ecclesia
989 1966 1133 2030 namque
1159 1945 1306 2031 undique
1333 1966 1391 2032 per
1414 1945 1641 2011 Frethericum
1655 1960 1808 2024 oppressor

441 2051 483 2103 sol.
498 2057 578 2103 raca.
595 2046 851 2134 imperatorem,2
872 2047 930 2135 qui
945 2047 1113 2113 ecclesiam
1136 2047 1359 2112 exterminans
1382 2050 1417 2113 et
1438 2048 1642 2135 religionem,
1653 2027 1748 2148 ‘c‘ffigh
1759 2100 1794 2167 by

596 2152 761 2237 episcopos
783 2173 804 2215 a
834 2151 902 2215 suis
936 2151 1066 2215 sedibus
1098 2154 1133 2215 et
1162 2150 1330 2236 religiosos
1361 2172 1382 2214 a
1413 2151 1481 2215 suis
1512 2151 1642 2238 expulit
1655 2164 1698 2213 the
1708 2179 1760 2216 ern-

596 2253 831 2331 mansionibus,
845 2258 880 2317 et
897 2253 964 2318 suis
985 2251 1134 2338 privavit
1156 2251 1412 2339 possessionibus
1433 2253 1470 2316 in
1485 2253 1623 2340 imperio
1635 2278 1644 2336 3
1654 2245 1735 2296 perot.

595 2355 684 2419 unde
707 2356 770 2442 ipsi
792 2354 944 2419 monaehi
966 2354 1008 2419 de
1023 2353 1291 2420 Monte-Oessino
1312 2358 1346 2420 et
1366 2354 1431 2441 ipsi
1454 2356 1495 2420 de
1512 2356 1644 2421 Monte·

597 2457 714 2543 Regali
741 2461 837 2523 extra
868 2457 1050 2537 Falernum,
1074 2461 1109 2522 et
1140 2456 1206 2537 alii,
1229 2461 1300 2522 tam
1333 2457 1478 2545 religiosi
1509 2458 1646 2524 abbates

597 2583 696 2646 quam
725 2561 782 2624 alii
813 2559 957 2648 episcopi
990 2563 1026 2626 et
1048 2559 1255 2646 episcopales,
1277 2558 1404 2625 confusi
1429 2563 1466 2625 ct
1498 2564 1645 2627 extorres

598 2662 824 2729 exulaverunt

642 2963 733 3033 Noto
755 2969 925 3053 quantana
942 2968 1139 3051 potestatem
1161 2969 1191 3030 et
1211 2961 1366 3049 pretiosor
1387 2962 1532 3051 adeptus
1553 2968 1601 3031 est

940 3066 1060 3135 oleato
1088 3065 1305 3134 Valentinus.

642 3220 688 3285 Et
721 3224 803 3284 tunc
835 3217 993 3303 temporis
1023 3221 1155 3282 tautam
1188 3218 1331 3304 gratiam
1365 3221 1400 3283 et
1435 3220 1795 3305 potestatem‚1>owerre-

597 3321 697 3409 quia³
718 3321 772 3385 vir
794 3319 925 3405 elegans
948 3324 1019 3383 erat
1041 3322 1075 3383 et
1101 3319 1303 3406 generosus,4
1326 3320 1466 3406 adeptus
1488 3325 1538 3386 est
1564 3297 1786 3428 elffipffibr

596 3432 652 3493 tus
683 3422 883 3488 Valentinus
909 3420 1105 3500 Willelmus,
1141 3426 1181 3486 ut
1212 3421 1434 3510 episcopatum
1464 3423 1760 3510 possidereteleetot

598 3527 818 3601 Leodiensem,
840 3529 972 3590 retenta
993 3523 1224 3610 procuratione
1239 3523 1411 3590 Valentini
1432 3524 1646 3612 episcopatus.
1658 3497 1783 3549 ΝΜ

598 3629 664 3710 Qui
686 3628 794 3693 adhuc
815 3627 859 3693 ad
888 3626 1114 3714 episcopatum
1146 3625 1349 3712 aptabatur⁶
1370 3626 1644 3709 wintoniensem,

597 3753 703 3819 quem,
720 3730 749 3795 si
770 3730 955 3816 aligeretur,
978 3750 1021 3793 ex
1042 3727 1251 3813 plenitudine
1271 3728 1389 3816 gratiae
1411 3734 1446 3795 et
1467 3732 1645 3817 potestatis

596 3834 732 3923 papalis,
767 3831 905 3898 retentis
938 3829 1112 3918 prioribus,
1143 3831 1348 3918 possedisset
1394 3832 1522 3899 Extitit
1555 3835 1644 3900 enim

597 3941 791 4024 magnatum
814 3934 1086 4021 consanguineus,
1109 3933 1167 4018 qui
1197 3934 1360 3999 auxilium
1390 3935 1524 4002 domino
1549 3958 1644 4024 papae

597 4040 634 4105 in
648 4037 865 4105 tribulatione
887 4035 1126 4124 praestiterunt,
1141 4039 1177 4103 et
1198 4040 1270 4102 tam
1285 4037 1420 4104 domino
1434 4059 1531 4126 papae
1544 4061 1644 4125 quam

597 4142 668 4230 regi
689 4137 945 4228 acceptabatur.⁰

630 4414 831 4480 ¹Annoquoque
843 4451 850 4466 .
862 4451 868 4464 .
880 4452 887 4465 .
899 4451 907 4464 .
920 4451 926 4464 .
939 4412 1093 4479 arripare]
1173 4413 1258 4477 ‘quia
1269 4448 1391 4465 .......
1401 4414 1542 4481 qenerosus]
1557 4414 1642 4466 Onan

598 4495 681 4548 Tbese
693 4495 764 4555 lines,
776 4494 893 4559 together
909 4493 972 4544 with
991 4494 1035 4544 the
1053 4508 1095 4542 ru·
1139 4507 1244 4542 mure
1284 4504 1303 4523 -·

597 4577 659 4636 bric,
670 4590 713 4625 are
724 4589 758 4624 on
769 4589 802 4624 an
813 4587 923 4624 erasure.
1173 4573 1183 4601 ³
1199 4569 1345 4636 aptabatur]
1360 4570 1401 4624 on
1412 4587 1445 4622 an
1456 4587 1562 4624 erasure

630 4654 713 4705 ²The
723 4668 794 4704 sense
804 4653 827 4703 is
844 4653 1002 4717 incomplete,
1012 4652 1097 4703 ands
1173 4649 1295 4700 ‘Extitit
1303 4667 1495 4701 ..........
1495 4668 1525 4716 ep
1526 4650 1637 4720 acuar]

597 4735 659 4784 verb
671 4749 750 4784 seems
760 4733 881 4797 wanting.
1141 4729 1472 4781 Writtenoveranerarure.
1495 4730 1641 4784 'l'herrhole

630 4814 729 4878 ’quicq
760 4813 830 4877 Only
857 4811 901 4875 qui
916 4810 939 4861 is
954 4809 1053 4872 rislble‚
1069 4809 1096 4859 in
1141 4808 1399 4874 chapterisdirected
1411 4816 1438 4858 to
1449 4810 1480 4860 be
1491 4810 1594 4862 omitted
1604 4813 1640 4878 by

597 4908 767 4957 consequence
784 4892 813 4942 of
826 4906 842 4942 s
857 4891 929 4943 smell
945 4890 1004 4941 holo
1014 4890 1042 4940 in
1052 4889 1096 4939 tho
1141 4889 1184 4938 tho
1200 4890 1270 4939 word
1285 4887 1407 4947 “vacat'’
1425 4888 1452 4938 in
1471 4888 1514 4941 the
1531 4890 1639 4957 mnrgin,

597 4974 699 5025 vellum.
1142 4968 1240 5020 written
1252 4966 1440 5021 inredlctters.
