4517 6425
618 1192 684 1257 482
744 1205 912 1258 narrum
936 1206 1149 1260 rramrusrs
1171 1208 1334 1262 aeroma
1355 1208 1557 1262 aserenon.

450 1524 521 1577 nl).
535 1531 606 1580 1244.
739 1517 904 1607 Graffioce
927 1519 1057 1587 comati
1078 1520 1119 1586 de
1143 1520 1237 1589 turri
1258 1520 1542 1591 Iroodoaa'omant.l

451 1685 550 1765 Genu,
664 1673 710 1741 Et
743 1676 823 1740 dum
855 1675 928 1740 alea
958 1675 1135 1741 fortunalis
1165 1676 1328 1742 mundum
1359 1678 1405 1743 sic
1441 1678 1668 1766 prodigialiter

449 1752 581 1869 {3522}ss
618 1779 772 1856 variaret,
797 1779 963 1860 cunnus,
986 1780 1075 1845 filius
1098 1779 1235 1858 monna,
1261 1781 1419 1868 principis
1439 1782 1668 1852 Nommuuae

450 1859 572 1966 kilreo'in
617 1883 867 1969 primogenitus,
882 1883 940 1969 qui
962 1882 999 1947 in
1022 1884 1109 1948 turri
1134 1883 1380 1949 Londoniarum
1403 1886 1554 1971 captivus
1576 1892 1668 1954 tene-

451 1960 575 2085 ffito
617 1985 726 2065 batur,
742 1986 821 2050 dum
845 1986 946 2053 taedio
965 1986 1117 2052 diuturni
1140 1986 1276 2052 carceris
1299 1986 1492 2067 afficeretur,
1508 1990 1668 2077 cogitavit

450 2088 515 2203 {1⁰¹³
527 2087 570 2138 the
618 2111 685 2154 una
715 2094 811 2155 nocte
843 2090 928 2154 olam
960 2089 1177 2155 custodibusl
1199 2091 1346 2157 evadere.
1393 2092 1439 2157 Et
1469 2092 1557 2171 dum,
1581 2093 1668 2159 facta

475 2169 549 2206 Μ’
619 2192 718 2278 longa
732 2197 818 2258 reste
833 2193 874 2258 de
890 2191 1189 2271 lintheaminibus,³
1203 2216 1274 2259 sese
1289 2216 1347 2280 per
1360 2195 1480 2260 turrim
1494 2218 1515 2260 a
1526 2195 1668 2262 fenestra

532 2295 534 2299 ’
619 2297 776 2362 voluisset
808 2296 992 2376 demittere,
1015 2301 1116 2383 rupto
1139 2297 1226 2375 fune,
1253 2298 1385 2363 corruit.
1432 2298 1514 2363 Erat
1548 2301 1668 2387 qnippe

618 2422 758 2487 magnus
792 2406 826 2467 et
849 2401 1049 2487 ponderosus
1071 2382 1187 2477 valde,
1200 2406 1235 2466 et
1264 2401 1318 2478 sic,
1341 2401 1454 2468 fruetis
1477 2403 1666 2480 cervicibus,

470 2511 593 2569 lMareh.
617 2504 850 2572 miserabiliter
872 2503 1051 2591 expiravit,
1074 2502 1182 2590 prima
1204 2504 1258 2569 die
1282 2504 1406 2570 Martii.

818 2793 933 2861 Dom'd
956 2793 1003 2859 ad
1025 2792 1147 2859 eibum
1165 2815 1268 2881 pupoe
1291 2794 1466 2882 consopit.⁴

449 2946 545 3065 Εῗὲἳ
662 2953 880 3042 Temporibus
912 2972 1042 3039 quoque
1074 2950 1136 3016 sub
1168 2950 1291 3017 eisdem
1322 2951 1442 3031 David,
1468 2957 1668 3043 comperiens

449 3084 551 3147 betrays
566 3082 606 3134 his
619 3057 707 3145 quod
729 3057 832 3122 frater
855 3056 927 3142 ejus
950 3054 1118 3135 Griffinus,
1141 3055 1340 3121 strenuitate
1363 3058 1559 3144 praecellens,
1584 3061 1669 3125 mul-

449 3149 552 3199 ΜΨ
618 3166 729 3228 torum
766 3160 953 3248 principum
987 3157 1141 3224 walliae⁶
1175 3158 1240 3224 sibi
1273 3160 1417 3246 gratiam
1454 3167 1667 3249 compararet,

449 3217 573 3335 ffiaiif
618 3265 762 3344 invidit;
792 3286 870 3329 nam
904 3263 940 3326 in
974 3260 1076 3327 oeulis
1107 3260 1249 3347 propriis
1272 3262 1347 3339 sibi,
1373 3286 1433 3350 pro
1456 3286 1494 3330 eo
1517 3267 1604 3351 quod
1626 3267 1668 3331 de

450 3350 548 3418 Henry.
618 3369 720 3457 stirpe
742 3367 833 3454 regia
855 3369 1088 3454 procrearetur,
1107 3363 1265 3450 [major]⁰
1280 3366 1466 3433 videbatur.
1498 3369 1668 3456 Cogitavit

617 3473 728 3560 igitur,
744 3471 841 3558 quod,
861 3472 898 3534 in
921 3469 1081 3534 ultionem
1103 3468 1228 3548 fratris,
1250 3470 1304 3535 vel
1326 3470 1369 3535 ad
1392 3472 1543 3558 papalem
1559 3474 1668 3539 defen·

617 3576 742 3642 sionem
765 3578 955 3652 recurreret,
978 3576 1018 3636 ut
1039 3567 1220 3634 Walliam⁷
1242 3571 1283 3636 de
1306 3569 1441 3638 ecclesia
1462 3579 1599 3654 teneret,
1614 3577 1668 3641 vel

618 3679 662 3744 ad
696 3681 805 3744 sinum
839 3675 966 3742 domini
998 3674 1085 3761 regis
1118 3673 1260 3761 anglia,
1284 3676 1441 3742 avunculi
1468 3677 1529 3758 sui,
1552 3678 1667 3744 fiduci-

616 3781 736 3847 aliter⁸
759 3778 1015 3846 misericordiam
1039 3776 1205 3861 petiturus
1236 3779 1393 3843 avolaret.
1440 3777 1514 3857 Sed,
1537 3780 1667 3847 libratis

617 3890 758 3971 utroque
780 3882 943 3971 periculis,
966 3879 1075 3944 tutius
1096 3878 1127 3943 ei
1159 3879 1297 3945 tandem
1320 3881 1506 3960 videbatur,
1530 3882 1665 3951 fratrem

617 4010 723 4069 suum,
747 3988 826 4075 quia
847 4008 914 4052 non
936 3983 1114 4060 uterinum,
1128 3982 1240 4070 aliquo
1263 3983 1339 4049 dolo
1361 3983 1604 4065 circumvenire,
1627 3993 1667 4053 ut

650 4261 656 4291 ¹
675 4259 706 4308 In
731 4259 774 4308 the
796 4258 896 4323 margin
917 4258 940 4308 is
963 4275 979 4308 a
1001 4252 1117 4321 drawing
1198 4256 1207 4286 ⁸
1224 4254 1287 4304 Part
1303 4253 1332 4303 of
1345 4252 1396 4304 tha
1412 4255 1498 4306 rubrio
1518 4254 1540 4307 ia
1558 4259 1667 4309 covered

616 4339 789 4405 representing
799 4339 842 4388 the
853 4332 939 4403 prinae
950 4337 1042 4402 falling
1051 4337 1116 4386 from
1165 4350 1225 4386 over
1235 4337 1270 4399 by
1282 4349 1297 4383 u
1308 4332 1379 4397 piace
1390 4336 1420 4386 of
1427 4337 1528 4397 vellum,
1537 4352 1570 4385 on
1580 4337 1665 4387 which

616 4420 658 4471 the
676 4419 767 4469 Tover
785 4419 840 4467 into
859 4418 901 4467 the
917 4417 991 4468 river.
1027 4417 1116 4469 Above
1165 4416 1207 4468 the
1224 4420 1279 4466 text
1298 4413 1328 4463 of
1342 4414 1394 4465 this
1413 4415 1517 4480 chapter
1537 4416 1583 4466 has
1602 4418 1666 4468 been

435 4493 439 4502 ’
540 4542 543 4547 ,
615 4501 657 4551 his
668 4501 732 4550 head
749 4500 771 4549 ia
787 4498 922 4556 inscribed,
937 4502 952 4526 ‘⁴
965 4496 1115 4561 Grffnus,”
1164 4495 1313 4557 revritten;
1336 4496 1387 4547 and
1415 4496 1458 4546 the
1485 4497 1570 4547 rubrio
1598 4497 1671 4548 itselr

614 4580 643 4630 in
671 4581 726 4641 red3
756 4579 807 4629 and
837 4579 917 4628 above
949 4576 993 4627 the
1018 4574 1115 4636 Tower,
1164 4577 1224 4626 does
1252 4581 1297 4627 net
1318 4590 1393 4640 agree
1415 4574 1477 4626 with
1499 4574 1543 4625 the
1565 4584 1667 4641 present

615 4662 630 4689 “
646 4658 736 4711 Turris
746 4655 950 4709 londoniarum?
1163 4662 1227 4717 text,
1239 4656 1285 4706 but
1297 4656 1357 4706 with
1375 4653 1418 4706 the
1434 4654 1570 4707 tentarit
1586 4656 1665 4722 origi-

648 4737 826 4804 ²eurtoditus]
850 4737 882 4786 In
904 4735 947 4786 the
969 4733 1070 4800 margin
1092 4734 1115 4784 ia
1165 4737 1235 4802 nally
1247 4739 1327 4788 stood.

614 4818 715 4871 written
732 4819 793 4869 vith
809 4834 823 4868 a
840 4818 963 4881 plummet
979 4813 1116 4864 demirati-
1197 4816 1208 4846 ⁸
1228 4814 1339 4882 wallia]
1357 4814 1450 4874 Vallle,
1463 4815 1521 4866 MS.

578 4932 581 4940 ·
615 4898 667 4960 lae,
685 4901 731 4949 but
749 4914 784 4948 no
801 4897 874 4947 mark
897 4897 929 4946 of
945 4893 1116 4944 referenceis
1197 4896 1313 4964 ⁶mojor]
1346 4896 1466 4961 Supplied
1493 4903 1520 4946 to
1543 4895 1666 4962 complete

615 4981 695 5030 added
706 4980 733 5028 in
744 4979 788 5028 the
798 4985 860 5028 text
1164 4974 1207 5026 the
1218 4989 1297 5025 senae.

647 5062 657 5088 ³
673 5056 880 5122 lintheaminibus]
913 5054 1114 5118 lintheminibus,
1197 5057 1206 5084 '
1228 5053 1356 5121 Wulliam]
1376 5054 1566 5116 Valliam,MS.

614 5137 671 5190 MS.
716 5166 718 5171 ·
1197 5135 1207 5164 ⁸
1216 5133 1383 5201 fiducialiter]
1403 5135 1553 5196 fidicieliter,
1564 5134 1620 5186 MS.
