4517 6425
683 1188 731 1238 nn
752 1190 912 1241 rasarone
934 1193 1035 1242 naurs
1057 1193 1212 1256 nmmos,
1236 1193 1304 1244 viz.
1326 1193 1450 1244 rmrru.
1519 1178 1584 1251 273

512 1359 623 1442 lewe,
648 1383 743 1448 quem
767 1371 984 1451 promoverat.
1032 1363 1098 1447 Q'ui
1120 1368 1208 1434 solus
1230 1367 1389 1455 praestitit
1411 1367 1443 1433 ei
1465 1368 1501 1432 in
1523 1367 1584 1434 tri-

511 1463 759 1531 .bulationibus
782 1466 872 1533 suis¹
897 1469 1069 1535 consilium
1092 1477 1127 1536 et
1150 1470 1429 1537 consolationem?

621 1756 671 1824 De
692 1757 832 1838 viatores,
857 1781 933 1846 qace
948 1759 1085 1847 forestus
1107 1760 1328 1850 clausorestaai
1349 1760 1496 1829 (labeant.

1597 1374 1667 1427 Λ.Ι).
1681 1381 1753 1428 1225.

359 1920 520 1990 Ragnar.
578 1909 703 1975 Eodem
735 1933 832 1990 anno,
854 1911 898 1976 ad
930 1933 1077 1978 mensem
1108 1917 1184 1998 post
1218 1910 1352 1990 Pascha,
1377 1912 1471 1977 missi
1505 1915 1584 1977 sunt
1596 1922 1681 1975 Juries

390 1991 424 2044 is.
439 1997 493 2043 10³.

532 2009 711 2100 praecepto³
724 2013 812 2101 regis
836 2013 938 2101 Hugo
954 2014 995 2081 de
1010 2014 1146 2080 Nevilla
1164 2019 1199 2081 et
1215 2014 1378 2080 Brionnus
1397 2014 1438 2081 de
1457 2014 1581 2095 Insula,

531 2136 607 2180 cum
622 2116 696 2180 aliis
717 2109 844 2182 adhoc
865 2116 1053 2204 assignatis,
1070 2138 1135 2203 ,per
1156 2117 1323 2205 Angliam,
1338 2117 1429 2182 utin
1444 2117 1584 2204 singulis

531 2216 730 2283 forestarum
761 2218 941 2305 provinciis
967 2220 1024 2285 xii.
1050 2219 1175 2285 milites
1197 2218 1252 2284 vel
1284 2218 1434 2284 homines
1465 2219 1584 2285 liberos

360 2330 519 2396 Regnent.
533 2324 567 2385 et
591 2319 713 2407 legales
735 2320 905 2407 eligerent,
931 2320 975 2385 ad
1002 2320 1283 2386 deambulandum
1313 2325 1418 2386 metas
1447 2320 1585 2387 foresta·

387 2399 422 2449 ir.
438 2406 491 2452 104.

532 2444 614 2500 rum,
640 2428 679 2488 ut
710 2445 768 2510 per
799 2444 912 2489 eorum
938 2430 1193 2504 sacramentum,
1226 2445 1299 2510 quae
1322 2422 1453 2490 forestae
1480 2446 1583 2490 rema

531 2546 608 2591 nere
634 2531 674 2591 ut
705 2526 798 2612 prius
831 2527 976 2603 fuerunt,
1012 2532 1046 2592 et
1076 2549 1153 2613 quac
1184 2525 1398 2592 deaiorestari
1430 2525 1583 2606 debeant,

531 2628 744 2694 discernatur.
805 2628 909 2695 Facta
941 2628 1047 2716 igitur
1083 2630 1121 2694 in
1154 2629 1249 2693 brevi
1277 2628 1361 2716 regii
1392 2629 1585 2695 executione

530 2731 690 2809 mandati,
728 2731 806 2797 lieet
844 2754 912 2796 non
950 2732 1021 2797 siue
1058 2732 1277 2818 plurimorum
1314 2730 1583 2811 contradictione,

531 2834 689 2899 concessis
723 2833 936 2900 libertatibus
968 2834 1093 2922 singuli
1125 2835 1177 2900 usi
1209 2838 1297 2910 sunt,
1320 2834 1361 2900 de
1383 2833 1490 2900 boscis
1516 2834 1584 2899 suis

531 2936 671 3023 propriis
703 2937 892 3014 vendentes,
914 2942 1042 3002 assarta
1074 2936 1241 3014 facientes
1263 2936 1387 3002 bestias
1412 2940 1584 3014 venantes,

531 3044 655 3104 terram
686 3038 845 3104 arabilem
880 3041 921 3105 de
958 3039 1086 3105 inculta
1116 3038 1303 3119 sulcantes3
1340 3039 1391 3104 ita
1424 3038 1512 3125 quod
1532 3039 1585 3103 de

532 3141 721 3206 nemoribus
745 3141 988 3208 deafforestatis
1010 3164 1124 3207 omnes
1147 3163 1207 3229 pro
1229 3140 1330 3206 libitu
1353 3141 1585 3229 disponebant.

531 3244 577 3309 Et
600 3265 668 3310 non
701 3244 807 3309 solum
842 3244 999 3323 homines,
1022 3245 1125 3310 immo
1153 3251 1187 3310 et
1213 3266 1318 3323 canes,
1343 3243 1402 3329 qui
1433 3242 1584 3309 solebant

530 3347 725 3433 expeditori,
748 3348 807 3412 has
829 3347 1004 3413 libertates
1026 3369 1061 3412 se
1083 3347 1206 3412 habere
1229 3345 1428 3411 sentiebant.
1485 3345 1583 3411 Com-

531 3449 687 3514 munibus
718 3469 797 3514 vero
821 3448 1034 3514 libertatibus
1070 3453 1253 3535 magnates,
1277 3447 1401 3512 milites
1423 3454 1459 3512 et
1480 3447 1584 3513 libere

532 3555 685 3617 tenentes
707 3552 790 3617 adeo
813 3551 865 3616 usi
892 3556 980 3629 sunt,
1005 3552 1095 3638 quod
1126 3569 1187 3615 nec
1210 3550 1280 3614 iota
1300 3570 1404 3614 unum
1431 3549 1467 3613 in
1496 3549 1583 3636 regis

515 3662 626 3722 sarta
663 3660 857 3720 contentum
895 3654 1005 3719 fuerat
1043 3652 1309 3740 praetermissum.
1369 3650 1453 3717 Haec
1490 3651 1583 3715 infir-

514 3756 675 3824 .mando⁴
699 3756 845 3844 peccavit
861 3756 1029 3822 Robertus
1051 3754 1225 3821 Passeleue
1251 3753 1499 3835 mortalissime;
1522 3753 1580 3819 sed

516 3861 593 3926 .hoc
616 3861 652 3924 in
674 3858 911 3946 sequentibus.⁵

567 4161 783 4213 ¹tribaictionibus
799 4163 865 4228 suis]
892 4161 981 4226 Partly
1001 4176 1034 4211 on
1081 4161 1144 4226 only
1154 4166 1236 4211 traces
1247 4159 1277 4209 of
1295 4160 1370 4210 afew
1381 4160 1514 4209 nordsare
1525 4172 1584 4208 now

533 4258 564 4293 sn
576 4259 681 4293 erasure.
1081 4241 1134 4292 lest.

1113 4319 1268 4385 ’precepto]
1288 4334 1321 4369 ex
1332 4327 1463 4384 precepto,
1475 4317 1505 4368 n

565 4403 617 4451 ²in
637 4403 679 4452 the
697 4403 796 4467 margin
814 4405 895 4454 below
907 4405 952 4454 has
971 4403 1034 4452 been
1114 4399 1293 4466 ⁴iufinuaado]
1312 4399 1480 4459 infirmando,
1492 4397 1548 4448 MS.

533 4482 613 4531 added
625 4481 720 4530 ashort
730 4483 841 4546 chapter,
848 4483 913 4532 with
924 4498 939 4532 a
950 4482 1035 4531 rubrie
1114 4482 1124 4509 ⁵
1136 4477 1199 4527 Her
1211 4516 1217 4528 .
1231 4516 1237 4529 .
1251 4517 1256 4528 .
1268 4477 1433 4544 sequentibus]
1453 4477 1545 4527 Added
1555 4476 1583 4524 in

533 4561 655 4625 prefixed,
663 4561 708 4609 bnt
718 4559 866 4611 aberam
877 4562 972 4622 erased,
985 4562 1035 4611 and
1080 4572 1169 4622 marg,
1180 4559 1226 4608 but
1236 4557 1263 4606 in
1272 4557 1302 4607 ii.
1312 4556 1423 4607 inserted
1432 4555 1459 4605 in
1468 4554 1512 4604 the
1520 4561 1582 4604 text

1595 1992 1731 2055 appointed

1595 2064 1622 2106 to
1633 2058 1698 2109 view
1710 2060 1752 2111 the

1596 2124 1693 2177 sorests.
