4517 6425
674 1138 741 1208 2⁷0
798 1149 963 1200 ulmum
987 1146 1201 1199 rsarsrsusrs
1224 1146 1386 1199 maroam
1407 1146 1606 1199 suononuu.

507 1350 574 1404 al).
589 1358 661 1407 Μ
673 1320 844 1400 auxilium,
877 1321 998 1408 quibus
1028 1328 1133 1389 terras
1155 1342 1231 1388 suas
1260 1321 1395 1387 amissas
1425 1324 1535 1407 posset
1564 1337 1724 1385 revocem.

673 1425 723 1490 At
745 1446 857 1492 omnes
872 1425 1057 1511 gaudenter
1070 1426 1178 1512 ipsum
1193 1424 1412 1511 suscipientes,
1429 1424 1500 1510 regi
1514 1422 1644 1508 Angliae
1667 1441 1725 1508 per

673 1527 782 1614 ipsum
796 1526 1033 1614 subjectionem·
1048 1528 1205 1595 fecenmt.
1251 1527 1421 1594 Venerunt
1443 1527 1548 1613 igitur
1570 1524 1669 1590 multi
1683 1523 1725 1590 de

674 1630 824 1717 partibus
838 1630 905 1696 illis
927 1631 1050 1697 milites
1072 1635 1106 1698 et
1128 1631 1317 1709 servientes,
1332 1631 1453 1717 quibus
1468 1652 1543 1696 eum
1558 1626 1725 1715 stipendia

674 1732 871 1800 sufficienter
896 1733 1124 1814 ministrasset,
1148 1735 1185 1800 in
1209 1734 1280 1820 ejus
1304 1733 1461 1820 obsequio
1486 1735 1724 1799 remanserrmt

506 1856 613 1911 cessas
674 1835 822 1903 Dederat
845 1836 877 1902 ei
899 1857 1042 1922 namque
1060 1858 1129 1914 rex,
1152 1841 1230 1902 ante
1244 1857 1407 1902 recessum
1422 1856 1519 1901 suum
1533 1833 1577 1903 ab
1591 1832 1722 1921 Anglia,

506 1926 601 2045 {5335
612 1995 663 2044 and
673 1938 868 2006 comitatum
885 1939 1070 2016 Oornubiae,
1092 1961 1167 2006 oum
1191 1943 1265 2007 tota
1279 1938 1449 2020 Pictavia3
1470 1937 1558 2003 unde
1584 1936 1627 2005 ab
1653 1959 1722 2003 om-

508 2030 625 2123 Gaseoiy
674 2042 773 2109 nibus
805 2063 911 2109 comes
933 2042 1093 2109 Pictaviae
1116 2042 1306 2122 vocabatur,
1337 2042 1520 2128 titulusque
1550 2041 1740 2110 literarum.

506 2128 646 2242 ffidm
675 2166 819 2225 suarum,
852 2144 999 2212 “Comes
1033 2144 1194 2211 Pictaviae
1224 2149 1259 2210 ct
1290 2142 1500 2211 Cornubiae.'’
1561 2142 1739 2229 clamque.

505 2209 612 2309 chauri.
674 2248 812 2315 dederat
833 2248 865 2313 ei
887 2247 1104 2327 Wasconiam,
1128 2253 1163 2313 et
1185 2246 1426 2314 incartaverst¹
1473 2246 1591 2333 Itaque
1617 2268 1740 2315 eomes.

675 2351 841 2430 Ricardus,
863 2372 938 2415 oum
960 2351 1125 2416 avunculo
1151 2372 1211 2415 suo
1235 2347 1444 2437 W[illelmo],
1466 2349 1586 2416 comite
1612 2349 1722 2417 Hares·

672 2452 818 2533 hidensi,
849 2459 883 2520 et
915 2451 1069 2539 Philippo
1099 2452 1140 2518 de
1170 2451 1331 2517 Albineto
1362 2456 1396 2517 et
1432 2450 1555 2517 militia
1585 2452 1724 2540 copiosa,

672 2555 830 2642 prooessit
851 2577 910 2641 per
931 2554 1030 2619 villas
1053 2559 1087 2620 et
1108 2559 1218 2621 castra
1239 2553 1467 2620 Wasoonensis
1500 2555 1653 2641 regionis,
1688 2560 1723 2621 et

672 2656 979 2737 contradicentium,
1013 2679 1054 2721 ne
1085 2656 1275 2743 homagium
1306 2656 1338 2721 ei
1367 2660 1407 2720 ut
1436 2656 1534 2742 primi
1567 2657 1739 2739 facerent„

505 2768 629 2821 Hennes
674 2766 783 2825 castra
809 2766 842 2825 et
867 2759 1084 2846 possessiones
1111 2759 1176 2823 sibi
1211 2762 1364 2845 potenter
1389 2759 1589 2846 subjugavit.
1633 2759 1722 2824 Nam

504 2836 641 2955 ἓξὲξ
675 2868 819 2928 castrum
857 2861 993 2949 Regulos
1036 2884 1111 2927 cum
1154 2861 1235 2926 villa
1277 2861 1376 2948 longa
1414 2860 1583 2927 obsidione
1625 2863 1721 2949 oepit,
1735 2876 1891 2956 maworn

505 2969 595 3032 places.
675 2965 854 3051 villamque
890 2964 1006 3031 Sancti
1039 2964 1177 3029 Macarii
1213 2985 1288 3029 cum
1326 2963 1505 3051 municipio
1548 2964 1723 3052 optinuit3
1761 2960 1796 2995 ’γ’
1811 2949 1865 2998 ¹⁰²·

675 3070 835 3155 Bregerac
857 3073 1002 3133 castrum
1025 3067 1164 3147 obsedit,
1196 3071 1231 3132 et
1261 3066 1434 3132 dominum
1465 3066 1535 3152 ejus
1564 3068 1608 3131 ad
1638 3069 1724 3155 regis

674 3171 871 3240 fidelitatem
893 3170 1071 3238 revocavit.

686 3462 832 3541 Militia,
855 3483 962 3550 quom
983 3483 1042 3529 rec
1063 3461 1283 3530 Francorum
1305 3461 1404 3533 mint
1429 3462 1478 3531 ad
1499 3485 1709 3542 medaucum,

504 3727 583 3779 Isura
711 3717 784 3781 Rex
806 3719 919 3780 autem
941 3713 1144 3779 Francorum
1170 3713 1364 3779 Lodowicus
1387 3713 1457 3780 haec
1479 3713 1626 3795 audiens,
1649 3713 1894 3791 Hu-Rogwend

504 3798 643 3913 fflffe
673 3818 762 3905 goni,
778 3816 891 3883 comiti
911 3817 952 3882 de
969 3815 1125 3894 Marohia,
1147 3815 1286 3901 aliisque
1303 3815 1461 3881 Pictaviae
1475 3816 1654 3882 baronibus
1669 3817 1723 3881 de-
1760 3793 1795 3844 iv.
1809 3798 1865 3845 ¹⁰²·

505 3929 634 3981 Maelio
673 3923 725 3988 dit
747 3923 784 3987 in
805 3921 979 4000 mandatis,
1003 3919 1162 4007 quatinus
1184 3921 1228 3986 ad
1251 3924 1394 3986 castrum
1409 3921 1450 3986 dc
1473 3919 1607 4008 Regula,
1634 3921 1741 4007 quod.

504 3999 779 4092 ⁰p⁹⁰⁸⁰¹²mcomes
802 4023 995 4112 R[icardus]
1019 4023 1193 4090 obsederat
1215 4029 1250 4089 et
1272 4023 1474 4101 morabatur,
1496 4023 1664 4089 hostiliter
1685 4046 1741 4089 ac.

672 4132 828 4215 potenter
852 4126 1053 4207 accedentes,
1077 4127 1232 4192 comitem
1263 4124 1474 4214 R[icardum]
1503 4130 1636 4214 captum
1660 4127 1722 4194 sibi

671 4235 920 4319 praesentarent,
935 4228 1075 4296 obsessis
1089 4228 1245 4296 liberatis.
1285 4229 1402 4296 Comes
1416 4249 1495 4294 vero
1510 4228 1551 4294 de
1566 4229 1722 4310 Marohia,

671 4332 838 4419 adjunctis
872 4331 1071 4420 quibusdam
1100 4331 1282 4398 baronibus
1311 4331 1457 4420 partium
1482 4331 1625 4414 illarum,
1649 4355 1742 4400 cum.

671 4436 835 4502 militibus
859 4441 893 4501 et
919 4439 1083 4524 apparatu
1107 4456 1175 4500 non
1197 4435 1334 4517 modico,
1358 4434 1401 4500 ad
1422 4435 1615 4523 praedictam
1638 4437 1742 4503 obsi.

671 4541 804 4606 dionem
833 4539 1077 4605 dissolvendam
1099 4537 1271 4625 fastigiose
1301 4537 1401 4603 nimis
1429 4538 1595 4626 processit.
1658 4539 1741 4605 Sed.

671 4665 778 4709 comes
811 4642 1003 4730 R[icardus]
1037 4662 1112 4707 cum
1143 4641 1247 4720 sociis,
1271 4662 1369 4728 super
1399 4639 1464 4706 hiis
1498 4642 1724 4728 praemunitus,

671 4747 803 4835 paravit
823 4746 854 4813 ei
875 4745 1022 4826 insidias,
1038 4748 1081 4822 et,
1097 4749 1192 4831 parte
1207 4743 1373 4810 exercitus
1387 4744 1440 4810 sui
1461 4745 1504 4810 ad
1522 4745 1723 4811 obsidionem

671 4849 813 4927 dimissa,
848 4850 918 4936 ipse
948 4871 1023 4915 curn
1057 4852 1151 4935 parte
1181 4852 1383 4915 armatorum
1417 4847 1648 4936 probatissima
1681 4848 1725 4913 ad

870 5107 876 5135 ¹
893 5102 1030 5168 chaque.
1050 5139 1056 5154 .
1078 5139 1085 5154 .
1101 5101 1284 5168 irroraverat]
1303 5101 1396 5155 Added
1406 5101 1435 5153 in
1445 5117 1525 5168 marg.
