4517 6425
718 1212 766 1260 nu
787 1214 946 1262 rauroaa
968 1213 1070 1262 auom
1093 1212 1248 1274 narrum,
1271 1213 1338 1263 vm.
1362 1213 1484 1262 ranrn.
1559 1201 1622 1264 235

555 1407 673 1471 ¹super
695 1387 852 1451 vicariam
885 1386 926 1451 de
954 1387 1108 1467 Luitona,
1135 1387 1224 1453 facta
1246 1394 1298 1453 cst
1320 1388 1511 1474 compositio
1540 1385 1627 1471 paci·
1640 1396 1708 1447 Λ.1),
1723 1403 1794 1448 1219.

553 1490 644 1565 .lica,
667 1494 814 1575 tempore
838 1490 980 1576 episcopi
1004 1490 1158 1577 Hngonis
1174 1490 1309 1557 secundi
1334 1490 1572 1557 Lincolnicnsia
1594 1494 1629 1554 et
1642 1491 1698 1540 201⁰
1713 1491 1763 1540 and

554 1592 705 1657 ‚abbatis
727 1592 887 1657 Willelmi
910 1594 949 1657 de
972 1593 1095 1659 Sancto
1118 1592 1270 1660 Albana¹
1641 1559 1797 1686 fflffivp

1641 1692 1746 1741 relative
1757 1699 1783 1741 to

1642 1759 1735 1809 Lntcn.

581 1906 755 1987 thoraodo
782 1906 957 1974 Scletrinas
978 1928 1125 1993 rapacem
1147 1908 1343 1975 Jerusalem
1366 1905 1491 1994 optolit
1514 1904 1630 1973 Claris-

753 2009 872 2088 ttaac'a
888 2010 941 2076 aa
962 2017 1003 2075 at
1026 2034 1049 2076 a
1064 2010 1231 2077 Damtcta
1254 2010 1450 2077 recederent.

404 2178 563 2242 Itoawend.
621 2156 784 2224 Saldanus
820 2157 934 2245 igitur,
974 2159 1165 2224 convocatis
1197 2160 1409 2247 magnatibus
1440 2157 1517 2237 suis,
1549 2158 1630 2223 dum
1643 2172 1797 2224 Themidis

439 2246 474 2297 iv.
488 2250 527 2297 ⁵⁷·
575 2267 660 2326 osset
683 2262 720 2325 in
742 2261 865 2326 mentis
892 2260 1030 2347 angaria
1056 2262 1269 2344 constitutus,
1289 2265 1407 2328 'coram
1432 2261 1478 2327 eis
1501 2261 1630 2326 locutus
1643 2249 1798 2359 {ssffigrw

575 2370 625 2429 est
647 2363 683 2427 in
704 2364 792 2429 hunc
816 2363 961 2442 modum,
984 2363 1106 2430 “Deus
1122 2363 1386 2430 Christianorum
1408 2386 1548 2450 magnus
1570 2367 1630 2444 est,
1643 2375 1687 2425 the
1698 2375 1774 2441 king·

574 2466 681 2531 fidelis
704 2474 739 2533 et
762 2472 880 2555 potens
904 2466 941 2531 in
974 2465 1100 2553 praelio,
1134 2467 1221 2554 quod
1251 2490 1312 2533 nos
1346 2466 1630 2555 comprobavimus
1642 2442 1791 2562 ffssffim

576 2591 696 2645 omnes,
729 2575 763 2634 et
794 2570 939 2634 maxime
973 2569 1010 2633 in
1042 2568 1103 2635 hoc
1137 2569 1280 2635 instanti
1314 2569 1461 2647 articulo,
1495 2569 1532 2634 in
1566 2591 1630 2656 quo

575 2672 750 2738 manifeste
772 2678 902 2760 pugnat
925 2678 1039 2737 contra
1065 2695 1125 2737 nos
1159 2695 1218 2760 pro
1252 2673 1394 2740 inimicis
1424 2674 1565 2755 nostris;
1597 2681 1631 2739 et

575 2776 688 2862 procul
711 2776 811 2841 dubio
835 2775 945 2840 inanis
967 2776 1032 2840 erit
1054 2775 1142 2841 actio
1158 2782 1272 2841 nostra
1286 2782 1368 2858 tota,
1391 2776 1552 2864 quamdiu
1573 2776 1631 2843 isti

576 2878 689 2944 fideles
722 2880 831 2967 ipsum
862 2878 1033 2944 habebunt
1066 2878 1263 2965 placabilem
1296 2880 1491 2967 adjutorem.
1538 2878 1631 2962 Ecce,

576 2979 752 3048 imminet²
766 2981 875 3070 captio
891 2981 1068 3064 Damiatae,
1084 3004 1158 3068 quae
1173 2980 1278 3049 clavis
1293 2982 1400 3049 totius
1416 2988 1467 3049 est
1482 2982 1630 3071 AEgipti3

578 3107 649 3171 qnae
671 3085 700 3149 si
723 3091 821 3172 capta
842 3084 1006 3167 fueritin
1028 3086 1212 3151 maximum
1228 3085 1335 3152 nostri
1351 3109 1388 3153 ac
1402 3086 1484 3174 legis
1510 3092 1631 3153 nostrae

577 3189 641 3255 erit
676 3188 924 3255 detrimentum.
987 3187 1069 3270 Quae
1100 3189 1180 3256 licet
1211 3190 1406 3257 multotiens
1442 3190 1574 3278 legatur
1604 3211 1632 3255 a

577 3293 774 3359 Christianis
789 3293 889 3358 fuisse
904 3293 1044 3375 obsessa,
1067 3315 1238 3380 nunquam
1260 3300 1373 3359 tamen
1395 3292 1518 3380 legitur
1531 3292 1631 3358 fuisse

558 3396 734 3463 -bactcnus
764 3397 949 3484 subjugata
995 3395 1041 3461 Et
1066 3397 1141 3483 quis
1167 3396 1313 3463 crederet
1342 3397 1463 3462 turrim
1484 3405 1631 3462 nostram

558 3499 618 3566 -ab
641 3499 809 3586 aliquibus
833 3499 1096 3585 subjugandam?
1130 3499 1232 3565 Unde
1256 3498 1353 3564 nobis
1378 3498 1462 3564 utile
1488 3521 1568 3576 reor,
1592 3502 1632 3563 ut

558 3595 753 3668 'reddamus
780 3603 851 3667 Deo
877 3602 1144 3668 Christianorum
1171 3624 1308 3688 eaquae
1331 3600 1424 3687 juste
1450 3601 1630 3690 postulant,

558 3711 612 3770 ·et
634 3706 746 3771 omnia
768 3727 842 3790 quae
865 3703 1045 3790 aliquando
1059 3727 1127 3786 ,sua
1148 3706 1285 3770 fuerunt
1322 3727 1461 3792 regnum
1477 3703 1632 3769 videlicet

560 3810 636 3875 -ubi
659 3809 751 3874 Deus
774 3830 886 3872 eorum
919 3813 1019 3873 natus
1052 3813 1112 3888 est,
1147 3812 1359 3873 conversatus
1391 3813 1451 3885 est,
1480 3821 1631 3873 mortuus

578 3919 636 3990 est,
653 3935 695 3976 ne
718 3912 817 3976 simul
834 3933 908 3976 curn
932 3910 1001 3976 suis
1015 3911 1147 3975 auferat
1168 3934 1189 3975 a
1211 3911 1306 3976 nobis
1328 3932 1401 3996 quse
1423 3915 1537 3975 nostra
1563 3931 1632 3976 esse

577 4015 740 4081 videntur.
787 4014 905 4100 Sicque
928 4035 1002 4078 cum
1032 4013 1145 4100 justus
1177 4012 1229 4092 sit,
1262 4019 1296 4078 et
1318 4013 1427 4078 aliena
1456 4035 1524 4078 non
1557 4035 1632 4078 con·

578 4118 731 4205 cupiscat,
749 4116 776 4180 si
800 4117 885 4182 hanc
900 4138 1014 4203 pacem
1036 4116 1261 4182 recusaverint
1279 4116 1408 4201 justam
1431 4115 1495 4182 sibi
1510 4120 1545 4182 et
1560 4116 1631 4182 Deo

577 4245 636 4285 suo
665 4220 901 4300 honorabilem,
933 4221 1162 4307 provocabunt
1184 4219 1295 4284 Deum
1324 4241 1422 4284 suum
1451 4219 1488 4284 in
1518 4219 1631 4284 odium

576 4324 628 4387 sui
650 4345 709 4410 per
731 4321 916 4409 superbiam
940 4329 974 4388 ct
996 4321 1294 4410 concupiscentiam
1317 4321 1475 4408 iniquam.
1524 4321 1570 4388 Et
1585 4321 1633 4388 sic

576 4425 789 4511 superborum
812 4431 1004 4511 aspamator
1026 4426 1068 4490 ab
1091 4424 1214 4490 eisdem
1237 4425 1374 4503 recedet,
1396 4424 1631 4511 habebuntque

578 4531 852 4615 impugnatorem,
879 4550 978 4613 quem
1003 4527 1191 4594 habuerant
1212 4528 1396 4616 propitium
1417 4525 1631 4615 adjutorem.”

579 4632 718 4696 —Licet
740 4631 845 4718 igitur
866 4630 928 4695 hoc
944 4631 1116 4696 consilium
1143 4632 1288 4697 multum
1304 4631 1420 4696 multis
1435 4631 1629 4718 displiceret,

729 4790 779 4795 -...
799 4788 903 4795 ——.
918 4788 1169 4795 ---...---.
1185 4791 1212 4795 --

613 4871 619 4898 ¹
633 4867 742 4933 Albano]
757 4867 862 4928 Albani,
870 4867 927 4918 MS.
945 4867 1002 4918 The
1008 4883 1080 4933 para·
1126 4869 1183 4919 Itis
1192 4869 1219 4918 in
1231 4869 1287 4920 MS.
1300 4869 1367 4920 Con.
1377 4868 1446 4919 Nero
1456 4869 1489 4919 1).
1503 4869 1519 4918 i.
1530 4868 1571 4917 sol.
1587 4874 1628 4928 63,

578 4949 657 5014 grnph
670 4950 735 4998 from
749 4947 803 4997 Hoc
814 4954 939 5011 quoqucto
948 4945 1046 4997 Albano
1057 4950 1080 4998 is
1127 4951 1177 4999 and
1186 4950 1286 5014 printed
1294 4949 1320 4999 in
1328 4949 1371 4999 the
1380 4950 1465 4999 “vita
1471 4947 1629 5011 Abbatum,'’

579 5027 956 5093 writteninthelowermargin.
975 5027 1081 5080 Iunc.
1127 5044 1150 5093 p.
1166 5034 1222 5089 130,
1232 5031 1271 5080 cd.
1283 5029 1364 5079 Wats.

578 5109 600 5158 is
617 5110 705 5170 added,
717 5112 733 5136 ‘⁴
743 5124 798 5172 qum
815 5105 965 5170 compositio
983 5106 1082 5171 plenius
1160 5108 1299 5174 ³imminet]
1319 5109 1416 5172 iminct,
1428 5107 1485 5160 MS.

582 5187 808 5237 scribiturinlibro
820 5186 1083 5238 Additamentorum.'’
1103 5228 1106 5241 .
1350 5209 1352 5214 ·
