4517 6425
629 1169 696 1235 400
769 1183 937 1237 narrum
959 1149 1174 1237 raummrsrs
1197 1184 1361 1236 maroam
1382 1183 1584 1237 auonounu

462 1409 531 1461 un.
545 1414 618 1464 mar.
632 1399 802 1485 Quomodo
826 1401 956 1490 togatae
978 1401 1090 1471 nimia
1112 1401 1292 1491 footipioae
1314 1422 1347 1470 ae
1365 1398 1615 1491 praepararem
1637 1397 1685 1467 ad

1050 1505 1258 1575 concilium¹
1669 1515 1677 1531 ⁰

461 1656 621 1712 Puaoofthe
676 1642 974 1731 Appropinquante
1003 1667 1083 1711 vero
1113 1651 1261 1733 tempore
1287 1643 1425 1722 concilii,
1449 1643 1537 1731 quod
1560 1662 1682 1708 memo-

460 1726 748 1846 iliffitig'mlffl
780 1745 863 1812 Otto
900 1747 1030 1835 legatus
1067 1747 1250 1813 Londoniis
1287 1749 1536 1825 convocaverat,
1573 1744 1683 1811 sedem

460 1858 601 1913 cuneum
630 1847 741 1934 parari
762 1848 800 1913 in
823 1849 1019 1916 occidentali
1042 1857 1137 1937 parte
1159 1847 1330 1916 ecclesiae⁸
1352 1848 1558 1937 fatigium
1583 1847 1683 1912 nimia

459 1925 574 1980 ¹⁰¹¹d⁰¹¹·
629 1954 664 2014 et
686 1949 906 2037 sollempnem,
926 1951 1035 2040 longis
1057 1952 1210 2019 trabibus
1230 1957 1265 2019 et
1286 1951 1445 2018 sedilibus
1466 1945 1570 2017 fecit⁴
1592 1948 1682 2014 exal-

629 2056 745 2118 tatam
790 2052 910 2119 Vocati
940 2054 1044 2142 igitur
1072 2076 1187 2121 omues
1217 2054 1349 2141 Anglire
1386 2051 1525 2142 praelati,
1556 2052 1682 2117 scilicet

628 2153 870 2242 archiepiscopi,
892 2156 1044 2244 episcopi,
1076 2157 1225 2236 abbates,
1254 2157 1380 2245 priores
1406 2153 1580 2232 installati,
1609 2158 1680 2219 tam

626 2255 689 2319 sub
708 2263 891 2323 conventus
912 2258 964 2324 sui
984 2258 1039 2324 vel
1061 2258 1200 2346 capituli
1220 2280 1321 2345 quam
1338 2280 1398 2324 suo
1418 2256 1549 2323 nomine
1567 2256 1681 2321 literas

629 2360 869 2443 procuratorias
899 2358 1091 2440 deferentes,
1121 2366 1161 2428 ut
1192 2361 1350 2448 quicquid
1380 2361 1417 2426 in
1446 2358 1584 2426 concilio
1614 2363 1680 2424 sta·

457 2461 567 2542 'rheuin
629 2466 738 2528 tueret
759 2461 896 2549 legatus,
911 2469 1022 2528 ratum
1042 2464 1218 2551 utrobique
1238 2464 1422 2530 haberetur.
1470 2461 1554 2530 Cum
1576 2462 1681 2548 igitur

455 2530 616 2661 ῗξὲξζῗωὲο
629 2582 741 2630 omnes
774 2565 904 2651 praelati
937 2566 993 2631 vel
1025 2587 1139 2631 eorum
1174 2571 1400 2653 procuratores
1433 2565 1476 2630 ad
1505 2564 1680 2631 concilium

457 2663 583 2742 onyaurng
628 2666 867 2746 convenissent,
891 2668 1028 2733 concilio
1045 2668 1118 2754 jam
1144 2669 1285 2755 incepto,
1307 2667 1400 2734 misai
1423 2673 1502 2733 sunt
1524 2689 1567 2733 ex
1586 2670 1681 2753 parte

455 2737 556 2861 iffi
564 2730 608 2847 {2⁰
628 2768 756 2834 domini
770 2768 857 2856 regis
872 2791 981 2837 comes
996 2769 1179 2836 Linoolniae
1195 2770 1219 2836 J
1222 2769 1412 2858 [ohannes],
1427 2774 1461 2834 et
1473 2766 1678 2855 ·J[ohannes]

454 2862 600 2915 theerown.
627 2870 884 2950 filius-Galfridi,
905 2877 941 2936 et
964 2871 1151 2938 Willelmus
1174 2872 1215 2938 de
1243 2871 1335 2950 Rale,
1357 2870 1534 2937 canonicus
1563 2870 1677 2937 Sancti

625 2972 722 3037 Pauli
744 2979 779 3039 et
801 2972 888 3060 regis
917 2974 1061 3052 clericus,
1083 2979 1124 3039 nt
1147 2974 1239 3040 dicto
1268 2973 1378 3062 legato
1401 2996 1443 3039 ex
1465 2978 1560 3061 parte
1589 2974 1675 3060 regis

624 3080 659 3142 et
680 3076 775 3162 regni
796 3075 936 3141 firmiter
953 3075 1152 3157 inhiberent,
1173 3099 1215 3143 ne
1235 3077 1284 3142 ibi
1305 3082 1420 3143 contra
1438 3076 1561 3164 regiam
1585 3097 1674 3141 coro-

623 3200 700 3243 nam
734 3182 769 3244 et
802 3178 1002 3267 dignitatem
1028 3178 1158 3266 aliquid
1184 3184 1332 3246 statuere
1358 3182 1584 3266 attemptaret.
1629 3176 1674 3244 Et

622 3280 783 3346 remansit
808 3281 865 3359 ibi,
896 3287 936 3348 ut
965 3282 1027 3348 hoc
1057 3283 1257 3363 observaret,
1289 3282 1399 3348 dictus
1422 3280 1608 3347 Willelmus
1633 3281 1674 3347 de

622 3383 711 3448 Rale.
758 3383 880 3450 Omnia
912 3389 1025 3450 autem
1051 3407 1125 3471 quae
1151 3385 1189 3450 in
1223 3383 1338 3451 eodem
1372 3383 1511 3450 concilio
1544 3386 1674 3450 statuta
1694 3392 1795 3456 toldus
1808 3395 1831 3449 b.

520 3476 522 3480 ’
620 3493 707 3566 sunt,
729 3486 767 3552 in
787 3486 872 3553 libro
894 3487 1084 3554 scribuntur
1106 3485 1443 3561 Additamentorunu,⁶

664 3760 715 3826 De
737 3757 924 3847 οοὶίοᾳαὶο(ς
946 3758 1040 3827 tutor
1061 3781 1152 3846 reyes
1173 3757 1315 3846 Amplior
1336 3765 1366 3826 ct
1388 3755 1509 3826 Scociae
1530 3753 1628 3845 opud

1046 3861 1245 3929 Eboracum

449 4015 604 4067 Polument
668 3999 795 4066 Eodem
817 4020 947 4086 quoque
977 4019 1064 4063 anno
1091 3999 1223 4085 scripsit
1244 4020 1304 4063 rex
1326 3996 1479 4063 omnibus
1508 3995 1672 4084 magnati-

449 4085 596 4201 ffiffl‘d
623 4102 686 4167 bus
715 4103 792 4180 auis,
821 4107 862 4167 ut
895 4125 1004 4168 coram
1038 4124 1076 4167 eo
1110 4107 1146 4167 et
1178 4101 1289 4188 legato
1323 4100 1491 4187 O[tt0ne],
1520 4100 1557 4164 in
1586 4099 1669 4164 festo

651 4333 658 4361 ¹
677 4331 709 4381 In
720 4330 764 4380 the
781 4330 858 4379 lower
874 4329 974 4394 margin
993 4329 1043 4380 ira
1061 4330 1120 4380 well
1165 4344 1208 4380 are
1219 4337 1264 4379 not
1283 4330 1360 4379 found
1372 4328 1399 4379 in
1410 4330 1453 4380 the
1473 4333 1489 4358 ‘⁴
1498 4329 1576 4379 Liber
1586 4327 1669 4378 Addi-

549 4406 557 4419 ‘
618 4412 740 4461 exeeuted
751 4408 874 4475 drawing,
894 4409 1067 4475 representing
1077 4410 1120 4460 the
1164 4410 1356 4470 tamentorum,''
1379 4410 1425 4459 but
1447 4425 1490 4459 are
1507 4408 1618 4458 inserted
1640 4408 1667 4456 in

618 4491 699 4557 legate
709 4491 794 4541 seated
804 4489 939 4554 onahigh
950 4489 1048 4549 throne,
1060 4489 1119 4549 and,
1164 4489 1207 4539 the
1231 4495 1288 4539 text
1309 4488 1340 4538 of
1356 4489 1400 4540 the
1421 4489 1504 4554 larger
1531 4487 1669 4546 chronicle,
1776 4479 1780 4488 '

617 4586 650 4620 on
670 4586 685 4620 a
707 4571 785 4620 lower
805 4568 896 4630 bench,
918 4569 989 4618 three
1008 4568 1120 4632 bishope,
1163 4568 1195 4619 B.
1213 4568 1244 4620 C.
1260 4569 1315 4631 (ed
1333 4568 1414 4630 Wata,
1431 4584 1456 4632 p.
1468 4571 1539 4632 448).
1575 4568 1605 4617 In
1624 4565 1668 4616 the

616 4650 723 4715 holding
734 4647 849 4700 crosiera.
882 4649 974 4698 Abora
984 4647 1008 4697 ia
1019 4647 1119 4698 written
1163 4648 1270 4714 margin,
1280 4648 1371 4712 higher
1382 4648 1452 4712 up,is
1461 4648 1541 4699 added
1549 4648 1600 4698 thia
1606 4655 1667 4697 note

617 4729 645 4780 in
656 4732 708 4790 red,
726 4733 741 4758 ‘¹
754 4726 891 4780 Concilium
905 4726 1042 4777 londoniis
1059 4724 1119 4776 eele-
1163 4727 1198 4792 by
1205 4727 1328 4777 Matthew
1337 4726 1425 4778 Paris:
1440 4727 1549 4777 “Inhoc
1557 4727 1666 4778 concilio

617 4808 735 4860 trammfl
1162 4806 1272 4871 privavit
1296 4806 1343 4873 [ac.
1361 4807 1471 4873 legatus]
1498 4822 1585 4857 omnes
1608 4806 1665 4856 illos

649 4889 831 4955 ’mennam
844 4893 1032 4947 memoraretur,
1043 4884 1101 4936 MS.
1161 4886 1291 4937 beneficiis
1319 4885 1373 4936 anie
1407 4885 1592 4946 ecclesiasticis,
1621 4885 1664 4949 qui

648 4968 784 5034 ἐσάωσε]
797 4969 859 5020 B.C.
871 4970 920 5019 add
934 4967 1024 5018 Sancti
1033 4965 1117 5017 Pauli.
1161 4973 1332 5016 successerant
1348 4964 1460 5029 patribus
1479 4965 1532 5016 suis
1550 4963 1665 5015 immedi-

650 5049 906 5115 ⁴socr't]1nterlined.
1159 5044 1225 5097 ate.’'
1423 5101 1426 5108 ¹

648 5128 907 5195 ⁵Adlr'urmeutorreor]
921 5127 1116 5178 Theseatatutes
1192 5128 1202 5156 ⁸
1218 5121 1347 5190 coloquio]
1361 5123 1487 5189 colliqnio,
1499 5123 1556 5175 MS.
