4517 6425
661 1163 704 1230 34
788 1172 953 1223 simum
978 1172 1191 1224 PABISIENSIS
1213 1169 1377 1222 HISTORIA
1400 1168 1598 1221 ANGLORUM.

497 1460 566 1511 an.
580 1464 652 1510 1192.
801 1447 850 1512 Dc
872 1452 979 1514 arcete
999 1446 1206 1533 crassissima
1228 1445 1329 1513 aaa
1350 1442 1575 1531 Bacpwadioe.

497 1623 610 1674 Richard
710 1597 787 1663 Hiis
807 1598 857 1663 ita
878 1596 990 1683 gestis,
1013 1597 1067 1661 die
1090 1598 1241 1683 sequenti
1267 1602 1375 1664 castra
1397 1597 1510 1675 movit,
1535 1618 1572 1661 ac
1599 1595 1714 1659 ducem
1724 1603 1883 1685 Repwenu

496 1691 610 1808 ἓξὲξ
664 1703 867 1779 subsecutus,
892 1704 988 1764 extra
1005 1700 1122 1765 urbem
1145 1700 1262 1765 Aehon
1277 1722 1378 1789 prope
1402 1700 1519 1765 ducem
1542 1697 1619 1764 fixit
1644 1702 1716 1762 ten-
1759 1687 1795 1723 ¹¹¹
1808 1677 1847 1722 ⁵⁸·

499 1826 575 1876 Aere.
665 1804 759 1869 toria
814 1802 894 1883 Ubi,
917 1824 992 1868 cum
1014 1804 1161 1869 exercitu
1183 1803 1282 1868 nimis
1304 1802 1453 1891 fatigato,
1479 1824 1554 1868 cum
1576 1800 1637 1864 vix
1658 1814 1882 1895 pereffluens

664 1907 813 1971 triduum
829 1906 1017 1992 quievisset,
1040 1912 1158 1972 assunt
1180 1906 1304 1972 flebiles
1326 1906 1441 1972 nuncii
1455 1929 1476 1971 a
1490 1906 1514 1972 J
1516 1927 1599 1992 open
1613 1924 1735 1989 usque·
1760 1898 1797 1933 ¹¹¹·
1810 1887 1849 1931 ⁵⁹·

664 2011 708 2077 ad
728 2031 837 2097 regem
859 2008 1056 2075 festinanter
1077 2010 1170 2097 equis
1191 2012 1279 2097 rapti
1301 2010 1521 2088 velocissimis,
1535 2028 1734 2074 sermonem.

666 2115 955 2203 prorumpentibus
979 2116 1101 2181 crebris
1124 2116 1326 2203 singultibus
1352 2115 1556 2191 nunciantes,
1583 2112 1735 2179 Salaha··

666 2219 782 2284 dinum
797 2240 872 2283 cum
886 2222 961 2284 toto
976 2220 1121 2284 exercitu
1137 2241 1197 2284 suo
1219 2218 1244 2284 J
1246 2241 1330 2307 open
1345 2219 1515 2297 obsedisse,
1530 2217 1719 2283 civitatem·

666 2344 730 2409 que
754 2321 903 2387 celeriter
927 2320 1048 2408 [fore]¹
1072 2320 1286 2408 capiendam
1309 2343 1421 2387 omnes
1443 2342 1573 2409 quoque
1596 2318 1719 2385 milites
1794 2339 1803 2352 ·

666 2447 705 2491 ac
733 2425 920 2502 servientes,
951 2446 1033 2509 quos
1063 2425 1106 2489 ob
1128 2424 1311 2490 custodiam
1341 2424 1466 2491 ibidem
1495 2424 1719 2502 collocaverat,

666 2528 888 2607 trucidandos,
910 2528 976 2594 nisi
999 2528 1096 2594 celeri
1118 2528 1339 2594 subventione
1361 2529 1547 2595 subsidium
1566 2527 1737 2615 praeferat.

668 2632 831 2699 coartatis
895 2631 969 2711 Quo
1003 2632 1128 2713 audito,
1153 2632 1260 2696 omnis
1291 2631 1418 2699 Ohristi
1439 2631 1601 2698 exercitus
1623 2630 1721 2697 valde

501 2753 645 2805 Heinvias
668 2736 862 2823 perterritus
888 2739 948 2811 est,
970 2735 1119 2821 graviter
1140 2734 1365 2822 ingemiscens.
1411 2734 1484 2801 Rex
1511 2741 1622 2801 autem
1646 2756 1721 2800 cum

501 2820 743 2967 ξξτέἓξὲξίώίε
765 2838 876 2904 animo
899 2842 1145 2955 consternatus,
1174 2837 1291 2904 ducem
1324 2838 1535 2957 Burgundiee,
1558 2844 1632 2957 tum
1664 2858 1723 2924 per

502 2956 703 3018 torennense
725 2948 798 3008 tum
820 2963 878 3028 per
899 2942 989 3019 ahos,
1005 2942 1049 3007 ad
1068 2963 1181 3029 pacem
1197 2948 1232 3008 et
1246 2943 1453 3008 concordiam
1474 2942 1605 3008 studmt
1626 2963 1722 3028 prop-

668 3051 721 3112 ter
754 3043 938 3132 periculum
969 3043 1169 3110 imminens⁹
1206 3066 1368 3127 revocare,
1400 3045 1555 3111 obnixius
1593 3066 1725 3134 rogans,

668 3154 708 3216 ut
722 3152 829 3215 tantas
850 3145 1059 3215 subsidium³
1083 3147 1185 3215 ferret
1207 3148 1399 3216 calamitati.
1447 3150 1594 3230 Quorum
1613 3170 1724 3236 preces

672 3252 742 3318 dux
772 3251 887 3316 audire
919 3251 1110 3338 dedignans,
1144 3255 1241 3317 nocte
1279 3252 1336 3316 illa
1366 3274 1440 3319 cum
1473 3253 1541 3318 suis
1571 3252 1724 3318 omnibus

503 3357 610 3408 whore-
672 3375 786 3421 versus
813 3353 938 3440 Tyrum
971 3354 1037 3420 iter
1067 3354 1209 3442 arripuit
1242 3354 1485 3421 clandestinum
1514 3377 1552 3420 ac
1580 3356 1723 3442 repenti-

504 3424 640 3557 mppr
671 3480 761 3538 num,
778 3458 872 3544 quasi
888 3456 1074 3522 desiderans
1089 3459 1176 3545 regis
1191 3457 1357 3545 R[icardi]
1372 3463 1407 3524 et
1422 3459 1584 3524 exercitus
1600 3457 1725 3524 Christi

505 3559 621 3624 1⁰²¹er
673 3560 907 3628 confusionem.
953 3559 1027 3641 Quo
1059 3583 1133 3627 cum
1165 3562 1377 3649 pervenisset,
1410 3561 1579 3629 confestim
1610 3563 1724 3628 divino

504 3627 631 3745 iginii
672 3664 865 3730 terribiliter
885 3685 1057 3751 percussus
1074 3665 1210 3752 judicio,
1234 3671 1344 3732 mente
1367 3666 1530 3732 alienatus
1559 3687 1629 3730 sese
1659 3665 1742 3730 dis.

506 3760 591 3827 dsnly.
673 3789 817 3856 carpens,
837 3771 943 3833 morte
965 3767 1146 3833 miserabili
1168 3769 1273 3833 vitam
1297 3766 1430 3834 subito*
1453 3767 1654 3832 terminavit.
1736 3816 1742 3828 .

704 4036 747 4107 Ut
768 4059 828 4106 rea
849 4037 1024 4109 auarus
1045 4037 1303 4230 Satptodtraaea
1323 4040 1365 4107 ab
1387 4039 1561 4109 obsidione
1582 4039 1698 4128 Jopca

1126 4143 1287 4230 upaocra't.

507 4313 621 4364 Richard
723 4288 795 4354 Rex
818 4292 932 4355 sutem
948 4291 1116 4370 Ricardus,
1137 4298 1212 4380 post
1227 4297 1368 4358 mortem
1386 4291 1478 4357 ducis
1493 4291 1724 4380 turpissimam,
1737 4306 1894 4387 Ropwend.

508 4382 652 4499 fflffivoe
677 4413 753 4458 cum
776 4414 879 4480 parvo
903 4394 1062 4460 comitatu
1084 4417 1186 4462 naves
1207 4401 1367 4462 rostratas
1390 4397 1478 4462 ocius
1501 4397 1726 4476 conscendens,
1771 4381 1859 4428 ¹¹⁵⁹·

509 4515 649 4565 the'rurks
677 4496 816 4562 obsessis
831 4497 919 4583 apud
933 4496 958 4562 J
959 4519 1044 4587 open
1066 4498 1197 4565 studuit
1219 4500 1401 4566 subvenire.
1447 4500 1493 4566 Et
1514 4501 1593 4586 quia
1607 4507 1728 4567 ventus

508 4583 664 4650 ΜΨ
676 4600 923 4682 adversabatur,
939 4623 981 4666 ex
1004 4602 1137 4689 obliquo
1152 4603 1353 4691 remigantes
1375 4625 1450 4669 cum
1465 4603 1573 4670 tribus
1595 4609 1727 4670 tentum
1738 4615 1894 4695 Rapwend.

676 4704 828 4783 navibus,
852 4705 953 4769 tertia
977 4705 1031 4770 die
1053 4728 1150 4772 mane
1172 4707 1209 4771 in
1234 4712 1333 4793 portu
1354 4705 1378 4771 J
1380 4729 1463 4794 open
1490 4709 1727 4795 applicuerrmt.
1771 4698 1810 4734 ¹¹¹·
1822 4689 1861 4734 ⁶⁰·

678 4806 897 4874 salahadinus
917 4808 1052 4875 interim
1074 4809 1197 4879 crebris
1216 4810 1395 4878 assultibus
1415 4812 1531 4876 urbem
1544 4811 1616 4898 jam
1638 4833 1728 4899 cepe-

713 5048 720 5076 ¹
726 5047 802 5111 sore]
822 5047 944 5111 supplied
954 5048 1020 5098 stom
1031 5048 1053 5099 I.
1065 5049 1094 5101 C.
1258 5049 1426 5116 ’subsidium]
1446 5050 1572 5110 subdium,
1583 5050 1640 5101 MS.

714 5127 725 5156 ²
735 5127 870 5194 immineas]
890 5128 1007 5191 imiuens,
1018 5128 1074 5180 MS.
1257 5130 1367 5199 mutuo]
1386 5130 1479 5182 Added
1488 5130 1516 5180 in
1527 5144 1606 5194 marg.
