4517 6425
730 1188 777 1236 na
799 1187 959 1237 rumora
983 1187 1262 1250 numeraturum,
1284 1189 1351 1238 urz.
1374 1188 1498 1237 marn.
1567 1174 1630 1237 245

585 1362 687 1428 ductu
719 1362 867 1443 Walteri,
903 1362 1118 1430 Eboracensis
1152 1362 1408 1452 archiepiscopi,¹
1441 1364 1484 1429 ad
1514 1384 1631 1450 regem,
1645 1386 1714 1439 Ab.
1729 1393 1801 1439 1221,

586 1470 630 1544 et,
654 1464 768 1531 eodem
790 1465 1031 1553 archiepiscopo
1062 1471 1098 1532 et
1120 1465 1341 1553 Pandulph02
1364 1466 1632 1552 impetrantibus,
1645 1483 1787 1534 manciled

417 1577 660 1656 Rog.wenacum
683 1589 759 1654 rege
781 1568 973 1656 pacificatus
996 1572 1055 1648 est,
1071 1591 1109 1635 eo
1132 1569 1221 1656 quod
1241 1569 1387 1656 ejusdem
1405 1567 1514 1655 regis³
1536 1590 1580 1654 pa
1614 1549 1761 1681 ,ffiflss

445 1660 479 1694 ¹''
493 1650 533 1694 ⁶⁸·
584 1670 708 1736 scilicet
730 1670 754 1736 J
757 1670 934 1759 [ohanni],⁴
956 1672 992 1735 in
1013 1676 1161 1759 tempore
1184 1693 1298 1738 werrae
1328 1694 1397 1737 sum
1431 1670 1575 1737 fideliter
1596 1693 1634 1736 ac
1811 1665 1814 1674 ’

432 1787 475 1837 sot
486 1788 562 1839 root.
583 1779 737 1861 potenter
758 1775 970 1840 militaverat.
1015 1775 1140 1841 Milites
1156 1775 1257 1840 etiam
1276 1796 1388 1840 omnes
1403 1777 1437 1839 et
1452 1774 1635 1841 servientes

583 1878 655 1943 sine
685 1899 785 1965 poena
806 1880 841 1943 et
863 1876 1088 1964 redemptione
1119 1877 1261 1944 relaxati
1284 1882 1364 1944 sunt
1385 1899 1407 1942 a
1428 1899 1513 1964 rege.
1568 1877 1634 1959 Qui

582 1980 618 2044 in
640 1978 702 2045 hoc
724 1980 903 2066 pessimum
927 1980 1001 2045 aliis
1024 1980 1117 2046 dedit
1139 1980 1336 2068 exemplum,
1359 1984 1400 2045 ut
1421 1985 1537 2046 contra
1558 2003 1634 2046 eum

565 2082 644 2147 ‚hac
665 2083 787 2147 fiducia
808 2083 845 2147 in
868 2104 946 2147 casu
969 2083 1131 2148 consimili
1153 2082 1325 2149 levarent⁵
1347 2083 1543 2160 calcaneum,
1560 2105 1635 2149 cum

564 2185 764 2272 ‚impunitas
786 2185 898 2251 crebro
921 2184 1136 2271 delinquendi
1157 2184 1304 2272 praebeat
1326 2184 1543 2251 incentivum.

582 2467 633 2534 De
655 2465 865 2534 dioeceteiooc
883 2468 977 2534 c'otter
998 2467 1193 2555 episcopum
1214 2468 1478 2536 Doocbnooeem
1503 2476 1534 2536 et
1564 2470 1635 2558 ejus

964 2570 1145 2637 nronooltoe
1167 2577 1249 2637 orto.

416 2733 572 2812 neewerc.
630 2722 702 2789 Sub
725 2721 849 2787 eisdem
872 2743 1003 2808 quoque
1035 2721 1151 2787 diebus
1175 2726 1291 2787 exorta
1313 2726 1365 2787 est
1395 2744 1516 2809 magna
1546 2723 1636 2790 inter
1646 2737 1795 2790 Dissension

449 2813 483 2851 ι’·
495 2806 535 2851 ⁰⁸·
586 2825 763 2891 Ricardum
781 2825 822 2889 de
846 2824 995 2905 Matisco,
1014 2824 1204 2912 episcopum
1219 2825 1484 2905 Dunelmensem‚
1500 2830 1534 2892 et
1549 2805 1785 2937 elus'bffiblnof

581 2930 656 2994 dem
671 2928 814 2994 ecclesiae
828 2928 1005 2993 monachos
1020 2928 1189 3005 dissensio,
1205 2949 1265 3015 pro
1287 2928 1484 3015 quibusdam
1499 2929 1635 2996 liberta·
1646 2937 1762 2989 Durhm

585 3031 676 3096 tibus
692 3036 726 3095 et
747 3030 1048 3108 consuetudinibus,
1065 3053 1146 3117 quas
1166 3029 1290 3097 iidem⁰
1315 3030 1513 3097 monachiae
1528 3033 1635 3120 gavisi
1646 3005 1696 3054 ⁸¹¹⁶
1707 3004 1747 3055 Μ’

564 3140 665 3201 .sunt
688 3132 803 3197 multis
824 3137 913 3198 retro
936 3133 1141 3221 temporibus
1167 3133 1201 3197 in
1230 3156 1309 3221 pace
1333 3133 1494 3201 habuisse.
1549 3135 1634 3201 Cum

565 3241 698 3304 autem
725 3235 880 3300 monachi
910 3236 1053 3302 viriliter
1078 3237 1274 3323 possessioni
1301 3260 1369 3303 suec
1395 3238 1634 3319 incumberent,

579 3339 712 3424 juravit
727 3338 897 3425 episcopus
911 3359 972 3403 nec
994 3338 1167 3426 pejeravit,
1184 3338 1283 3424 quod,
1299 3361 1337 3406 eo
1361 3339 1504 3419 vivente,
1521 3363 1634 3427 pacem

584 3440 820 3506 Dunelmensis
853 3440 988 3505 ecclesia
1010 3463 1078 3505 non
1108 3440 1254 3507 haberet
1311 3441 1383 3506 Nec
1412 3443 1519 3507 multo
1549 3448 1632 3529 post,

585 3567 658 3609 cum
674 3544 855 3609 servientes
878 3543 1021 3631 episcopi
1042 3543 1240 3609 monachum
1262 3544 1428 3630 quendam
1443 3544 1486 3610 ab
1500 3545 1634 3610 sotlesia

585 3647 729 3733 quadam
756 3645 920 3711 violenter
941 3668 979 3712 ac
1004 3646 1197 3711 indecenter
1217 3647 1449 3727 extraxissent,
1473 3650 1508 3712 et
1530 3669 1634 3735 usque

564 3800 570 3813 .
585 3750 628 3815 ad
650 3748 821 3835 sanguinis
835 3749 1000 3834 copiosam
1022 3749 1245 3837 flagellassent
1259 3749 1460 3828 effusionem,
1474 3750 1634 3816 monacho

584 3874 683 3938 super
696 3851 758 3916 hoc
784 3873 892 3917 coram
913 3851 1064 3939 episcopo
1079 3851 1245 3936 querelem
1268 3850 1423 3918 flebiliter
1445 3852 1633 3939 deponenti,

562 4005 569 4018 .
584 3953 772 4020 infrunito⁷
790 3953 912 4041 spiritu
927 3954 1106 4040 respondit,
1124 3960 1143 3989 “
1155 3954 1260 4020 Malas
1281 3960 1391 4041 grates
1406 3954 1528 4020 habeat
1542 3955 1634 4022 deses

563 4057 640 4123 .ille
680 4057 836 4133 serviens
860 4078 899 4122 eo
933 4056 1021 4142 quod
1055 4061 1190 4122 tonsum
1221 4056 1316 4121 illum
1346 4079 1414 4122 non
1440 4057 1637 4124 interemit’'

414 4174 571 4252 ltrgwenu.
585 4160 705 4246 Sicque
734 4160 886 4246 deinceps
912 4158 963 4225 ita
988 4159 1158 4224 monachis
1184 4159 1332 4246 praefatis
1361 4159 1443 4225 adeo
1472 4160 1537 4226 fuit
1567 4161 1635 4249 epi-

448 4257 481 4292 w.
494 4247 533 4292 ⁶⁹·
584 4283 700 4349 scopus
719 4261 897 4348 injuriosus
913 4268 948 4327 et
968 4261 1197 4339 intolerabilis,
1213 4267 1262 4342 ut,
1277 4262 1472 4328 necessitate
1488 4270 1633 4352 cogente,

583 4364 626 4427 ad
656 4364 867 4450 praesentiam
897 4365 1023 4430 domini
1053 4387 1149 4451 papae
1178 4364 1391 4452 appellantes,
1421 4387 1489 4430 sese
1516 4371 1550 4432 et
1573 4387 1633 4431 sua
1644 4369 1744 4434 Appen

584 4465 696 4530 omnia
710 4465 772 4531 sub
786 4467 857 4552 ejus
872 4467 1076 4552 protectione
1099 4472 1281 4554 ponerent3
1303 4488 1342 4533 ao
1356 4467 1475 4534 deinde
1490 4468 1630 4533 Romam
1641 4437 1767 4570 ffiidffoss

1646 3072 1744 3124 mocks.
1784 3126 1785 3131 ,

619 4666 830 4735 ¹urclt'epmcopt]
858 4668 945 4719 Inthe
961 4674 1017 4719 text
1034 4670 1086 4734 epi·
1164 4668 1632 4734 metendorum]Addeuontorhe

584 4749 659 4812 scopi,
671 4749 716 4797 but
727 4763 790 4797 corr.
802 4748 829 4798 in
841 4762 921 4812 marg.
1129 4769 1191 4813 text,

617 4825 1087 4893 2ranrupt01warone‚w.1.‚errc
1162 4853 1304 4920 maarai]
1319 4851 1628 4907 erubescentem

585 4907 700 4971 neously.
717 4907 748 4956 In
757 4908 788 4957 Β.
797 4905 943 4972 Pondulpdo
953 4905 976 4956 is
985 4906 1085 4957 written
1162 4951 1173 4978 ο
1184 4947 1268 5012 iidem]
1287 4945 1364 5006 idem,
1375 4944 1432 4997 MS·

583 5002 645 5037 over
657 5002 690 5036 en
702 5002 809 5037 erasme

615 5068 625 5096 ,
636 5066 738 5129 ejudem
752 5066 828 5133 rm]
854 5066 893 5118 At
909 5066 965 5116 first
985 5065 1085 5116 written
1163 5039 1317 5105 ’infrunitoJ
1336 5037 1502 5097 inuictis.

581 5144 979 5212 tumreqierasinwdtc.
1106 5158 1109 5200 i
