4517 6425
740 1175 787 1223 nn
809 1174 970 1226 ammona
992 1178 1093 1230 asara
1115 1180 1271 1245 aarum,
1294 1184 1361 1235 v1z.
1383 1186 1506 1238 mnus
1574 1173 1639 1239 215

574 1346 732 1420 ,verbum
754 1352 824 1412 lam
846 1349 964 1438 Anglis
986 1373 1086 1438 quam
1108 1353 1245 1425 Francis
1267 1360 1413 1427 scandali
1435 1365 1470 1428 el
1492 1361 1642 1428 offensio·
1652 1379 1721 1434 Ab.
1735 1385 1805 1439 uu.

573 1449 645 1523 ,nis
666 1450 870 1519 manifestes¹

858 1710 907 1777 Dc
928 1718 1034 1779 macic
1055 1712 1254 1783 Iaaoceulia'
1271 1736 1381 1804 papae.

531 1930 537 1938 ,
571 1904 578 1917 .
636 1857 759 1923 Eodem
799 1881 886 1925 anno
929 1882 1016 1948 papa
1053 1861 1277 1943 innocentius,
1314 1866 1373 1952 qui
1412 1887 1489 1932 vere
1525 1874 1641 1957 stupor
1653 1874 1736 1927 nau
1747 1879 1778 1927 of

571 1961 729 2025 .mundi²
752 1967 824 2027 erat
845 1969 880 2028 et
901 1964 1096 2030 immutator
1118 1966 1228 2045 seculi,
1252 1968 1309 2053 qui
1332 1969 1423 2055 prius
1454 1972 1548 2055 quasi
1579 1972 1640 2038 im·
1652 1957 1716 2062 ἓξὲξ
1720 1945 1798 2064 ΙἪΨ

571 2064 797 2130 ,mutabiliter
829 2066 925 2131 stetit
958 2089 1033 2132 cum
1065 2068 1254 2149 baronibus,
1278 2075 1312 2135 ei
1334 2076 1509 2157 postquam
1531 2095 1639 2161 regem

572 2166 721 2253 ‚Angliae
743 2168 971 2255 subpeditavil
986 2173 1020 2235 el
1035 2191 1175 2258 regnum
1197 2171 1262 2237 sibi
1284 2172 1467 2260 subegerat,
1481 2180 1640 2263 stragem

570 2269 802 2351 .Francorum,
825 2293 922 2358 quem
954 2276 1069 2338 contra
1092 2274 1202 2360 ipsum
1225 2281 1409 2355 exacuerat,
1433 2283 1469 2342 ei
1490 2277 1638 2358 barones,

570 2394 671 2458 .quos
693 2378 850 2451 erexerat,
873 2374 1025 2454 deseruit,
1052 2376 1142 2442 viam
1175 2376 1338 2444 universae
1371 2379 1478 2445 carnis
1509 2383 1559 2446 esi
1588 2381 1638 2446 in·

568 2473 742 2574 3gressus³
758 2474 923 2559 judicium
949 2478 1068 2543 summi
1097 2477 1231 2563 judicis,
1253 2484 1292 2545 ui
1315 2479 1467 2560 creditur,
1491 2481 1637 2550 terribile

569 2622 576 2677 3
589 2577 688 2644 nimis
708 2577 901 2645 subiturus.⁴

649 2858 692 2924 Ul
715 2856 938 2925 Lodouua'cus
967 2858 1014 2924 cd
1042 2866 1179 2945 patrem
1205 2845 1311 2927 suala
1331 2883 1398 2950 pro
1423 2862 1575 2932 subsidio

568 2971 574 2979 '
952 2961 1107 3029 belliloci
1128 2961 1269 3029 miserit.

419 3124 576 3189 desuem
633 3110 758 3176 Eodem
781 3113 928 3199 tempore
952 3110 1160 3177 Lodounicus
1186 3111 1228 3177 de
1251 3110 1440 3191 infortunio,
1463 3113 1550 3200 quod
1572 3109 1806 3191 gibiloulssends

455 3191 489 3245 ὴ·
501 3195 541 3245 ²⁷·
588 3220 622 3281 ei
644 3217 712 3280 suis
726 3216 815 3302 apud
830 3215 1035 3281 Lincolniam
1057 3216 1228 3294 acciderat,
1244 3215 1482 3294 moeslissimus,
1506 3222 1541 3283 ei
1562 3239 1636 3305 pro·
1648 3177 1731 3296 iiiii}
1742 3248 1793 3297 and

586 3318 696 3404 lapsus
710 3317 747 3381 in
770 3318 1041 3405 desperationem,
1056 3338 1099 3382 ne
1114 3317 1319 3406 propositum
1334 3340 1430 3384 suum
1445 3319 1637 3406 perduceret
1648 3312 1708 3430 :ige
1719 3312 1759 3365 for

587 3420 631 3485 ad
664 3420 828 3502 effectum,
855 3421 995 3486 nuncios
1021 3442 1098 3486 suos
1128 3418 1222 3486 misit
1248 3421 1292 3486 ad
1322 3425 1450 3507 patrem
1480 3443 1576 3486 suum
1602 3427 1637 3488 el

585 3545 723 3589 uxorem
754 3545 848 3588 suam
872 3522 1074 3602 Blanchiam‚
1107 3543 1292 3610 proponens
1314 3520 1368 3587 ei⁶
1390 3522 1534 3610 dampna
1558 3524 1638 3589 irre·

586 3624 795 3712 cuperabilia,
819 3648 894 3711 quae
917 3625 981 3690 sibi
1004 3629 1039 3691 ei
1063 3624 1131 3690 suis
1157 3624 1246 3711 apud
1262 3623 1469 3689 Lincolniam
1493 3625 1637 3712 conlige-

587 3733 672 3809 ranl,
695 3750 770 3815 quae
792 3729 897 3814 magis
920 3750 941 3792 a
964 3729 1037 3792 Deo
1059 3748 1161 3814 quam
1192 3726 1383 3791 hominibus
1415 3727 1522 3794 doluit
1554 3728 1635 3794 irro-

566 3882 573 3895 .
585 3836 672 3917 gala
728 3829 1000 3918 Significavilque
1024 3830 1064 3908 oi,
1087 3828 1177 3916 quod
1199 3829 1308 3916 gratia
1330 3828 1446 3895 divina
1468 3835 1538 3896 erat
1561 3853 1636 3896 cum

566 3955 670 4020 ‚rege
698 3955 800 4021 puero
833 3934 1016 4015 innocente,
1049 3933 1139 3997 unde
1162 3932 1256 4018 quasi
1282 3931 1436 3996 siillalim
1459 3934 1503 3999 ad
1525 3933 1634 4020 ipsum

565 4035 745 4102 ,baronum
762 4035 834 4122 jam
856 4059 931 4124 pars
953 4059 1021 4101 non
1043 4035 1182 4099 minima
1204 4034 1372 4122 confugit3
1394 4035 1482 4101 unde
1503 4036 1540 4101 in
1561 4043 1636 4103 tan·

586 4144 657 4203 lum
680 4138 858 4218 convaluit,
881 4139 969 4226 quod
990 4138 1027 4203 in
1050 4159 1152 4203 manu
1174 4142 1303 4202 armata
1325 4158 1436 4204 omnes
1451 4139 1635 4224 provincias

585 4241 670 4306 circa
703 4241 818 4307 urbem
850 4241 1097 4307 Londoniarum
1135 4238 1347 4326 perlustrans,
1378 4241 1507 4306 exilum
1537 4241 1634 4309 dicaae

585 4342 733 4408 civitatis
764 4343 905 4411 liberum
932 4344 1005 4430 jam
1036 4341 1293 4430 praeclusib-“
1306 4341 1405 4408 Unde
1439 4343 1534 4408 nobis
1562 4344 1632 4432 jam

622 4649 627 4677 ¹
640 4647 678 4696 Et
688 4654 742 4695 eret
759 4683 765 4695 .
783 4683 790 4696 .
808 4682 815 4695 .
832 4645 981 4711 morisim]
996 4645 1088 4695 Added
1166 4642 1335 4707 ’According
1344 4651 1370 4693 te
1378 4643 1568 4702 wandersala
1576 4643 1634 4694 died

588 4728 615 4777 ln
626 4741 706 4790 marg·
1137 4727 1165 4772 li]
1178 4722 1249 4786 July.

620 4810 726 4871 ²stuper
745 4803 841 4869 munds]
861 4803 925 4853 This
950 4802 1045 4867 epithal
1066 4802 1089 4852 is
1167 4800 1325 4866 ‘subituruq
1353 4800 1443 4851 Added
1464 4806 1490 4849 lo
1510 4801 1553 4850 the
1571 4809 1634 4863 text,

588 4888 718 4938 borrowcd
728 4886 794 4935 from
802 4884 846 4934 the
857 4888 872 4911 “
881 4883 956 4933 Nora
962 4882 1088 4932 Poetica”
1134 4882 1185 4931 and
1199 4880 1367 4945 immediately
1379 4879 1459 4929 below
1475 4879 1545 4929 there
1563 4880 1585 4929 is
1601 4896 1634 4930 an

587 4969 617 5017 of
631 4966 751 5031 Geoffrey
761 4966 792 5015 de
803 4962 920 5013 Vinsaus.
955 4961 1004 5013 Sec
1023 4962 1089 5026 Iny-
1134 4975 1233 5010 erasure
1243 4959 1273 5010 of
1281 4959 1375 5010 several
1386 4957 1457 5008 lines.

587 5063 635 5106 ser,
664 5045 749 5096 “Hist
773 5043 844 5095 Poet„
866 5042 936 5093 Med.
959 5040 1046 5101 AEri,’'
1065 5057 1089 5105 p.
1167 5037 1616 5104 ⁵e1]eis‚W.Lsec.m.,sndEdd

588 5131 645 5177 855.
