4517 6425
654 1144 718 1209 184
785 1162 952 1211 rnrrnar
975 1158 1188 1210 rnsslslssnffls
1209 1157 1373 1210 maroam
1394 1158 1592 1210 annnorum.

485 1346 554 1395 Μ).
570 1348 640 1395 1216.
648 1334 900 1422 jaculorumque
924 1336 1088 1423 grandine
1108 1336 1253 1403 crebrius
1280 1336 1493 1425 impetebant.
1541 1333 1605 1399 Sed
1630 1334 1722 1398 Hu-.

653 1438 766 1504 bertus
790 1438 832 1503 de
858 1439 979 1525 Burgo,
1007 1440 1102 1505 miles
1125 1444 1278 1505 strenuus
1317 1444 1351 1505 et
1386 1438 1501 1518 fidelis,
1529 1459 1603 1503 cum
1632 1435 1706 1500 aliis

653 1540 773 1628 septies
795 1538 870 1605 xxii.
886 1541 1051 1607 militibus
1074 1547 1109 1608 et
1132 1542 1356 1608 servientibus
1380 1540 1530 1629 pluribus
1552 1561 1627 1606 cum
1650 1539 1707 1605 illo

655 1644 886 1723 existentibus,
911 1650 946 1710 et
969 1644 1154 1711 defensioni
1176 1645 1356 1731 vigilanter
1382 1649 1417 1710 et
1440 1643 1584 1709 viriliter
1609 1641 1723 1707 ineis.

654 1747 813 1824 tentibus,
834 1746 947 1832 jacula
969 1770 1028 1834 pro
1047 1748 1177 1832 jaculis,
1201 1770 1282 1813 saxa
1303 1769 1362 1835 pro
1385 1746 1474 1811 saris
1488 1745 1725 1823 remittentes„

654 1849 778 1914 multos
799 1872 841 1915 ex
864 1849 1015 1915 hostibus
1037 1856 1300 1938 prostraverunt,
1324 1851 1428 1915 donec
1450 1848 1570 1914 Franci
1593 1847 1708 1933 damp-

653 1952 789 2029 nificati,
814 1952 959 2018 tentoria
991 1977 1052 2018 sua
1076 1958 1111 2019 et
1133 1953 1304 2019 machinas
1330 1974 1351 2016 a
1373 1957 1481 2017 castro
1504 1949 1636 2038 longius
1657 1971 1708 2014 re-

655 2061 840 2120 traxerunt.
888 2055 989 2122 Unde
1014 2056 1219 2133 Lodowicus,
1245 2055 1350 2121 nimia
1375 2076 1547 2120 succensus
1569 2054 1628 2133 ira,
1652 2074 1708 2138 pe·

649 2157 791 2243 jerandc
818 2158 950 2245 juravit
980 2180 1050 2224 sese
1082 2181 1149 2224 non
1180 2159 1258 2224 inde
1288 2178 1498 2237 recessurum,
1530 2177 1707 2242 quousque,

654 2267 749 2348 capto
773 2266 887 2338 castro,
904 2283 1017 2327 omues
1040 2260 1159 2327 inclusi
1182 2261 1358 2348 suspendio
1381 2260 1585 2347 punirentur.

677 2552 726 2617 De
749 2551 967 2640 captionibus
994 2553 1099 2620 orca-r
1127 2550 1363 2639 Osratcbrupr'cc
1394 2560 1424 2619 ct
1453 2553 1686 2641 quorumdam

822 2656 981 2723 acrior-am
1002 2656 1288 2743 cauraicipiornna
1310 2664 1340 2723 et
1366 2655 1541 2724 uillarum.

488 2817 637 2898 Captureos
699 2805 762 2869 Per
784 2804 872 2870 idem
894 2812 1024 2893 tempus
1040 2806 1192 2893 quaedam
1219 2828 1294 2893 pars
1308 2805 1477 2881 baronum,
1504 2805 1561 2891 qui
1576 2805 1705 2870 Londo-
1718 2814 1875 2894 Reprvend.

487 2887 641 3020 ffigssgge
654 2906 719 2971 niis
734 2914 967 2987 remanserant,
985 2910 1204 2995 equitationes
1219 2908 1349 2985 faciens,
1364 2910 1490 2975 invasit
1503 2909 1705 2996 provinciam
1746 2898 1781 2934 ¹¹¹·
1794 2888 1851 2933 ³⁸⁰·

487 3020 529 3070 the
544 3022 640 3071 bamus.
655 3011 696 3075 de
713 3010 934 3097 Cantabruge,
951 3013 1054 3098 ipsam
1072 3012 1302 3099 depraedando,
1317 3018 1352 3077 et
1374 3012 1462 3098 cepit
1478 3011 1705 3092 munitionem,
1718 3063 1725 3078 .

655 3120 689 3179 et
711 3135 766 3177 xx.
783 3115 965 3180 servientes
987 3114 1036 3179 ibi
1059 3114 1213 3181 inventos
1236 3136 1345 3181 secum
1369 3116 1475 3182 traxit
1497 3115 1705 3203 compeditos.

487 3241 597 3292 Norsolk
658 3217 742 3283 Inde
778 3239 908 3304 quoque
945 3219 1200 3306 progredientes,
1237 3220 1423 3306 provincias
1460 3219 1501 3284 de
1533 3219 1708 3285 Northfolc

486 3311 608 3426 ξέἰῖζξέ·
656 3326 691 3385 et
715 3319 827 3386 Sufolo
849 3321 1088 3407 perlustrando,
1111 3321 1293 3410 municipia
1310 3322 1374 3387 sibi
1398 3323 1641 3410 mancipabant,
1657 3322 1726 3386 in-.

487 3446 605 3509 ravaged.
656 3422 743 3488 colas
766 3445 898 3509 quoque
921 3424 1119 3512 spoliabant,
1132 3425 1254 3513 populo
1277 3425 1370 3513 quasi
1394 3427 1481 3492 inter
1502 3426 1585 3492 duas
1605 3427 1726 3491 molae.

655 3550 673 3591 e
689 3527 853 3593 contrario
868 3549 938 3593 sese
949 3528 1131 3610 volventes,
1143 3528 1298 3594 videlicet
1313 3530 1474 3597 baronum
1488 3537 1524 3596 et
1537 3529 1698 3617 regalium
1719 3575 1727 3593 .

655 3630 886 3697 miserabiliter
920 3633 1071 3698 contrito.
1127 3631 1232 3697 Villae
1270 3654 1400 3720 quoque
1439 3634 1479 3698 de
1513 3633 1726 3706 Gernemue„

656 3733 835 3799 Dunewioo
851 3741 885 3799 et
909 3735 1103 3822 Gipeswioo,
1127 3735 1170 3800 ad
1196 3736 1455 3823 redemptionem
1478 3735 1705 3822 gravissimam

655 3837 891 3924 compulerunt.
949 3837 991 3903 In
1017 3862 1082 3926 quo
1113 3840 1200 3905 facto
1227 3839 1335 3905 Deum
1362 3839 1405 3905 ad
1432 3838 1644 3916 iracundiam,
1667 3844 1725 3903 ut.

656 3962 698 4004 ex
718 3940 847 4005 casibus
869 3941 1146 4027 subsequentibus
1164 3941 1300 4027 conjioi¹
1320 3941 1420 4019 valet,
1435 3941 1610 4007 infeliciter
1632 3963 1726 4028 pr0·.

657 4048 827 4121 vocarunt,
860 4043 939 4108 dum
977 4044 1092 4110 incolae
1130 4043 1254 4124 incolis,
1299 4043 1469 4111 domestici
1508 4045 1725 4123 domesticis.

657 4144 796 4229 subjecti
819 4145 969 4226 dominis,
993 4147 1170 4234 degeneres
1200 4146 1376 4226 nobilibus,
1406 4147 1557 4236 vulgares
1579 4148 1726 4235 religio.

490 4262 635 4342 Calenam
657 4247 709 4324 sis,
726 4247 927 4314 molestiores
950 4247 1098 4315 extitere.
1134 4249 1281 4316 Tandem
1303 4274 1362 4339 per
1378 4249 1608 4316 Colecestriam
1623 4274 1726 4340 prae.

491 4331 594 4396 sponsu.
657 4350 735 4416 dam
758 4355 901 4438 agentes,
925 4356 960 4417 et
982 4351 1105 4418 ibidem
1128 4352 1230 4418 simili
1251 4354 1342 4419 rabie
1365 4354 1546 4434 saevientes,
1562 4353 1607 4421 ad
1629 4360 1710 4421 nota
1720 4362 1877 4429 RogWend.

656 4458 691 4520 et
713 4454 812 4519 solita
835 4453 1084 4521 Lundoniarum
1105 4455 1248 4521 latibula
1269 4462 1349 4523 sunt
1371 4458 1506 4524 reversi.
1745 4431 1783 4481 ¹¹⁵·
1794 4436 1851 4482 ³⁸¹·

660 4638 717 4646 70-
728 4639 730 4642 -
740 4638 755 4643 --
763 4637 1309 4645 --...-.--·-—-—————--—.-.......-
1318 4641 1322 4645 v
1333 4641 1349 4646 -.
1359 4640 1706 4649 ....--·--1-..-—-—---0-

1025 4741 1031 4772 ¹
1044 4741 1145 4808 corjc'cr']
1165 4741 1275 4805 connicl,
1286 4742 1343 4794 MS.
