<?xml version="1.0" encoding="UTF-8"?>
<!DOCTYPE html PUBLIC "-//W3C//DTD XHTML 1.0 Transitional//EN"
    "http://www.w3.org/TR/xhtml1/DTD/xhtml1-transitional.dtd">
<html xmlns="http://www.w3.org/1999/xhtml" xml:lang="en" lang="en">
 <head>
  <title>
</title>
<meta http-equiv="Content-Type" content="text/html;charset=utf-8" />
  <meta name='ocr-system' content='tesseract 3.04.00' />
  <meta name='ocr-capabilities' content='ocr_page ocr_carea ocr_par ocr_line ocrx_word'/>
</head>
<body>
  <div class='ocr_page' id='page_1' title='image "./matthiparisiens00parigoog/matthiparisiens00parigoog_0457.png"; bbox 0 0 4517 6425; ppageno 0'>
   <div class='ocr_carea' id='block_1_1' title="bbox 717 1194 1622 1275">
    <p class='ocr_par' dir='ltr' id='par_1_1' title="bbox 717 1194 1622 1275">
     <span class='ocr_line' id='line_1_1' title="bbox 717 1194 1622 1275; baseline -0.006 -14"><span class='ocrx_word' id='word_1_1' title='bbox 717 1210 765 1261; x_wconf 84' lang='lat' dir='ltr'><strong>ns</strong></span> <span class='ocrx_word' id='word_1_2' title='bbox 787 1210 947 1261; x_wconf 77' lang='lat' dir='ltr'><strong>nnuman</strong></span> <span class='ocrx_word' id='word_1_3' title='bbox 970 1210 1072 1259; x_wconf 78' lang='lat' dir='ltr'><strong>naurs</strong></span> <span class='ocrx_word' id='word_1_4' title='bbox 1095 1209 1253 1275; x_wconf 75' lang='lat' dir='ltr'><strong>anulum,</strong></span> <span class='ocrx_word' id='word_1_5' title='bbox 1276 1210 1344 1261; x_wconf 83' lang='lat' dir='ltr'><strong>vm.</strong></span> <span class='ocrx_word' id='word_1_6' title='bbox 1367 1209 1489 1260; x_wconf 80' lang='lat' dir='ltr'><strong>rnnrn.</strong></span> <span class='ocrx_word' id='word_1_7' title='bbox 1558 1194 1622 1257; x_wconf 73' lang='lat'><strong>445</strong></span> 
     </span>
    </p>
   </div>
   <div class='ocr_carea' id='block_1_2' title="bbox 575 1394 1791 1900">
    <p class='ocr_par' dir='ltr' id='par_1_2' title="bbox 575 1394 1791 1900">
     <span class='ocr_line' id='line_1_2' title="bbox 575 1394 1791 1486; baseline -0.001 -22"><span class='ocrx_word' id='word_1_8' title='bbox 575 1421 656 1464; x_wconf 90' lang='lat' dir='ltr'><strong>num</strong></span> <span class='ocrx_word' id='word_1_9' title='bbox 702 1399 883 1486; x_wconf 91' lang='lat' dir='ltr'><strong>dampnum</strong></span> <span class='ocrx_word' id='word_1_10' title='bbox 920 1398 1063 1465; x_wconf 76' lang='lat' dir='ltr'><strong>ecclesiae</strong></span> <span class='ocrx_word' id='word_1_11' title='bbox 1100 1403 1134 1464; x_wconf 90' lang='lat' dir='ltr'><strong>et</strong></span> <span class='ocrx_word' id='word_1_12' title='bbox 1172 1398 1298 1464; x_wconf 91' lang='lat' dir='ltr'><strong>domini</strong></span> <span class='ocrx_word' id='word_1_13' title='bbox 1336 1398 1423 1486; x_wconf 83' lang='lat' dir='ltr'><strong>regis</strong></span> <span class='ocrx_word' id='word_1_14' title='bbox 1461 1398 1622 1476; x_wconf 90' lang='lat' dir='ltr'><strong>dedecus,l</strong></span> <span class='ocrx_word' id='word_1_15' title='bbox 1637 1394 1705 1448; x_wconf 65' lang='lat' dir='ltr'><strong>M)-</strong></span> <span class='ocrx_word' id='word_1_16' title='bbox 1720 1401 1791 1448; x_wconf 77' lang='lat'>¹2⁴¹·</span> 
     </span>
     <span class='ocr_line' id='line_1_3' title="bbox 575 1500 1625 1590; baseline -0.001 -23"><span class='ocrx_word' id='word_1_17' title='bbox 575 1502 781 1568; x_wconf 70' lang='lat' dir='ltr'><strong>triennalem.</strong></span> <span class='ocrx_word' id='word_1_18' title='bbox 838 1501 884 1567; x_wconf 86' lang='lat' dir='ltr'><strong>Et</strong></span> <span class='ocrx_word' id='word_1_19' title='bbox 913 1501 1145 1590; x_wconf 86' lang='lat' dir='ltr'><strong>pacificaturus</strong></span> <span class='ocrx_word' id='word_1_20' title='bbox 1180 1502 1348 1569; x_wconf 89' lang='lat' dir='ltr'><strong>eeclesiam</strong></span> <span class='ocrx_word' id='word_1_21' title='bbox 1382 1500 1625 1588; x_wconf 72' lang='lat' dir='ltr'><strong>Anglicanam⁹</strong></span> 
     </span>
     <span class='ocr_line' id='line_1_4' title="bbox 575 1603 1626 1693; baseline 0 -23"><span class='ocrx_word' id='word_1_22' title='bbox 575 1610 720 1685; x_wconf 87' lang='lat' dir='ltr'><strong>venerat,</strong></span> <span class='ocrx_word' id='word_1_23' title='bbox 743 1604 911 1671; x_wconf 87' lang='lat' dir='ltr'><strong>ecclesiam</strong></span> <span class='ocrx_word' id='word_1_24' title='bbox 944 1603 1216 1671; x_wconf 83' lang='lat' dir='ltr'><strong>Cantuariensem</strong></span> <span class='ocrx_word' id='word_1_25' title='bbox 1247 1605 1396 1693; x_wconf 82' lang='lat' dir='ltr'><strong>reliquit</strong></span> <span class='ocrx_word' id='word_1_26' title='bbox 1417 1605 1569 1692; x_wconf 83' lang='lat' dir='ltr'><strong>dampnis</strong></span> <span class='ocrx_word' id='word_1_27' title='bbox 1591 1610 1626 1670; x_wconf 90' lang='lat' dir='ltr'><strong>et</strong></span> 
     </span>
     <span class='ocr_line' id='line_1_5' title="bbox 576 1707 1759 1797; baseline 0 -25"><span class='ocrx_word' id='word_1_28' title='bbox 576 1709 760 1795; x_wconf 83' lang='lat' dir='ltr'>obprobriis</span> <span class='ocrx_word' id='word_1_29' title='bbox 781 1708 1072 1774; x_wconf 84' lang='lat' dir='ltr'><strong>irrestaurabiliter</strong></span> <span class='ocrx_word' id='word_1_30' title='bbox 1094 1707 1372 1797; x_wconf 87' lang='lat' dir='ltr'><strong>dampnificatam.</strong></span> <span class='ocrx_word' id='word_1_31' title='bbox 1419 1709 1462 1774; x_wconf 88' lang='lat' dir='ltr'><strong>In</strong></span> <span class='ocrx_word' id='word_1_32' title='bbox 1485 1709 1626 1775; x_wconf 86' lang='lat' dir='ltr'><strong>crastino</strong></span> <span class='ocrx_word' id='word_1_33' title='bbox 1673 1718 1759 1772; x_wconf 67' lang='lat' dir='ltr'><strong>tuan.</strong></span> 
     </span>
     <span class='ocr_line' id='line_1_6' title="bbox 576 1810 1170 1900; baseline -0.002 -23"><span class='ocrx_word' id='word_1_34' title='bbox 576 1819 689 1879; x_wconf 85' lang='lat' dir='ltr'><strong>autem</strong></span> <span class='ocrx_word' id='word_1_35' title='bbox 712 1812 908 1900; x_wconf 69' lang='lat' dir='ltr'>Epiphaniae</span> <span class='ocrx_word' id='word_1_36' title='bbox 930 1810 1170 1878; x_wconf 80' lang='lat' dir='ltr'><strong>transfmtavit.</strong></span> 
     </span>
    </p>
   </div>
   <div class='ocr_carea' id='block_1_3' title="bbox 711 2085 1490 2174">
    <p class='ocr_par' dir='ltr' id='par_1_3' title="bbox 711 2085 1490 2174">
     <span class='ocr_line' id='line_1_7' title="bbox 711 2085 1490 2174; baseline -0.003 -19"><span class='ocrx_word' id='word_1_37' title='bbox 711 2087 812 2156; x_wconf 76' lang='lat' dir='ltr'><strong>Venit</strong></span> <span class='ocrx_word' id='word_1_38' title='bbox 833 2087 959 2156; x_wconf 78' lang='lat' dir='ltr'><strong>Petrus</strong></span> <span class='ocrx_word' id='word_1_39' title='bbox 980 2087 1022 2154; x_wconf 84' lang='lat' dir='ltr'><strong>de</strong></span> <span class='ocrx_word' id='word_1_40' title='bbox 1043 2085 1226 2155; x_wconf 63' lang='lat' dir='ltr'><strong>Smaadio</strong></span> <span class='ocrx_word' id='word_1_41' title='bbox 1246 2086 1291 2153; x_wconf 76' lang='lat' dir='ltr'><strong>ios</strong></span> <span class='ocrx_word' id='word_1_42' title='bbox 1313 2086 1490 2174; x_wconf 67' lang='lat' dir='ltr'><strong>Acyllam.</strong></span> 
     </span>
    </p>
   </div>
   <div class='ocr_carea' id='block_1_4' title="bbox 576 2245 1785 3344">
    <p class='ocr_par' dir='ltr' id='par_1_4' title="bbox 576 2245 1785 3344">
     <span class='ocr_line' id='line_1_8' title="bbox 623 2245 1785 2335; baseline -0.005 -20"><span class='ocrx_word' id='word_1_43' title='bbox 623 2247 719 2315; x_wconf 81' lang='lat' dir='ltr'><strong>Circa</strong></span> <span class='ocrx_word' id='word_1_44' title='bbox 763 2247 895 2315; x_wconf 90' lang='lat' dir='ltr'><strong>eosdem</strong></span> <span class='ocrx_word' id='word_1_45' title='bbox 932 2268 1063 2335; x_wconf 89' lang='lat' dir='ltr'><strong>quoque</strong></span> <span class='ocrx_word' id='word_1_46' title='bbox 1100 2247 1170 2314; x_wconf 87' lang='lat' dir='ltr'><strong>dies</strong></span> <span class='ocrx_word' id='word_1_47' title='bbox 1208 2245 1328 2313; x_wconf 87' lang='lat' dir='ltr'><strong>Petrus</strong></span> <span class='ocrx_word' id='word_1_48' title='bbox 1368 2246 1409 2312; x_wconf 90' lang='lat' dir='ltr'><strong>de</strong></span> <span class='ocrx_word' id='word_1_49' title='bbox 1447 2245 1624 2326; x_wconf 76' lang='lat' dir='ltr'><strong>sabaudia,</strong></span> <span class='ocrx_word' id='word_1_50' title='bbox 1638 2258 1743 2310; x_wconf 79' lang='lat' dir='ltr'><strong>Arrrval</strong></span> <span class='ocrx_word' id='word_1_51' title='bbox 1754 2261 1785 2309; x_wconf 82' lang='lat' dir='ltr'><strong>of</strong></span> 
     </span>
     <span class='ocr_line' id='line_1_9' title="bbox 576 2327 1754 2459; baseline -0.001 -42"><span class='ocrx_word' id='word_1_52' title='bbox 576 2351 757 2418; x_wconf 85' lang='lat' dir='ltr'><strong>avunculus</strong></span> <span class='ocrx_word' id='word_1_53' title='bbox 790 2352 922 2438; x_wconf 85' lang='lat' dir='ltr'><strong>reginae,</strong></span> <span class='ocrx_word' id='word_1_54' title='bbox 955 2352 1008 2417; x_wconf 88' lang='lat' dir='ltr'><strong>oui</strong></span> <span class='ocrx_word' id='word_1_55' title='bbox 1047 2372 1106 2415; x_wconf 86' lang='lat' dir='ltr'><strong>rex</strong></span> <span class='ocrx_word' id='word_1_56' title='bbox 1145 2349 1339 2442; x_wconf 87' lang='lat' dir='ltr'><strong>comitatum</strong></span> <span class='ocrx_word' id='word_1_57' title='bbox 1378 2327 1754 2459; x_wconf 55' lang='lat' dir='ltr'><strong>Riohemundioels&#39;ffo‘ff</strong></span> 
     </span>
     <span class='ocr_line' id='line_1_10' title="bbox 576 2432 1733 2541; baseline -0.001 -22"><span class='ocrx_word' id='word_1_58' title='bbox 576 2455 771 2531; x_wconf 69' lang='lat' dir='ltr'><strong>contulerat,</strong></span> <span class='ocrx_word' id='word_1_59' title='bbox 793 2454 888 2519; x_wconf 90' lang='lat' dir='ltr'><strong>venit</strong></span> <span class='ocrx_word' id='word_1_60' title='bbox 919 2452 955 2517; x_wconf 90' lang='lat' dir='ltr'><strong>in</strong></span> <span class='ocrx_word' id='word_1_61' title='bbox 978 2452 1145 2539; x_wconf 82' lang='lat' dir='ltr'><strong>Angliam‚</strong></span> <span class='ocrx_word' id='word_1_62' title='bbox 1170 2473 1269 2539; x_wconf 92' lang='lat' dir='ltr'><strong>quam</strong></span> <span class='ocrx_word' id='word_1_63' title='bbox 1292 2452 1357 2518; x_wconf 90' lang='lat' dir='ltr'><strong>sibi</strong></span> <span class='ocrx_word' id='word_1_64' title='bbox 1385 2452 1457 2539; x_wconf 88' lang='lat' dir='ltr'><strong>jam</strong></span> <span class='ocrx_word' id='word_1_65' title='bbox 1480 2458 1626 2518; x_wconf 88' lang='lat' dir='ltr'><strong>senserat</strong></span> <span class='ocrx_word' id='word_1_66' title='bbox 1638 2462 1697 2541; x_wconf 67' lang='lat'><strong>&#39;¹¹9</strong></span> <span class='ocrx_word' id='word_1_67' title='bbox 1708 2432 1733 2510; x_wconf 79' lang='lat' dir='ltr'><strong>is&#39;</strong></span> 
     </span>
     <span class='ocr_line' id='line_1_11' title="bbox 577 2529 1770 2642; baseline -0.001 -21"><span class='ocrx_word' id='word_1_68' title='bbox 577 2557 801 2636; x_wconf 68' lang='lat' dir='ltr'><strong>fructuosam</strong></span> <span class='ocrx_word' id='word_1_69' title='bbox 838 2555 892 2621; x_wconf 90' lang='lat' dir='ltr'><strong>vir</strong></span> <span class='ocrx_word' id='word_1_70' title='bbox 930 2555 1063 2642; x_wconf 90' lang='lat' dir='ltr'><strong>quidem</strong></span> <span class='ocrx_word' id='word_1_71' title='bbox 1101 2555 1246 2641; x_wconf 87' lang='lat' dir='ltr'><strong>prudens</strong></span> <span class='ocrx_word' id='word_1_72' title='bbox 1282 2564 1316 2620; x_wconf 87' lang='lat' dir='ltr'><strong>et</strong></span> <span class='ocrx_word' id='word_1_73' title='bbox 1353 2554 1628 2642; x_wconf 78' lang='lat' dir='ltr'><strong>circumspectus.³</strong></span> <span class='ocrx_word' id='word_1_74' title='bbox 1639 2529 1770 2593; x_wconf 72' lang='lat' dir='ltr'><strong>kn1ghee.</strong></span> 
     </span>
     <span class='ocr_line' id='line_1_12' title="bbox 578 2657 1627 2746; baseline -0.001 -21"><span class='ocrx_word' id='word_1_75' title='bbox 578 2660 683 2742; x_wconf 81' lang='lat' dir='ltr'><strong>Quem</strong></span> <span class='ocrx_word' id='word_1_76' title='bbox 721 2681 781 2726; x_wconf 82' lang='lat' dir='ltr'><strong>rex</strong></span> <span class='ocrx_word' id='word_1_77' title='bbox 818 2680 988 2725; x_wconf 85' lang='lat' dir='ltr'><strong>occurrens</strong></span> <span class='ocrx_word' id='word_1_78' title='bbox 1025 2658 1212 2746; x_wconf 72' lang='lat' dir='ltr'><strong>gaudenter</strong></span> <span class='ocrx_word' id='word_1_79' title='bbox 1245 2657 1397 2745; x_wconf 74' lang='lat' dir='ltr'><strong>suscepit,</strong></span> <span class='ocrx_word' id='word_1_80' title='bbox 1431 2680 1465 2724; x_wconf 90' lang='lat' dir='ltr'><strong>se</strong></span> <span class='ocrx_word' id='word_1_81' title='bbox 1503 2681 1627 2744; x_wconf 89' lang='lat' dir='ltr'><strong>suaque</strong></span> 
     </span>
     <span class='ocr_line' id='line_1_13' title="bbox 577 2762 1628 2850; baseline -0.003 -21"><span class='ocrx_word' id='word_1_82' title='bbox 577 2763 722 2829; x_wconf 79' lang='lat' dir='ltr'><strong>consiliis</strong></span> <span class='ocrx_word' id='word_1_83' title='bbox 737 2762 808 2848; x_wconf 91' lang='lat' dir='ltr'><strong>ejus</strong></span> <span class='ocrx_word' id='word_1_84' title='bbox 831 2762 1036 2850; x_wconf 82' lang='lat' dir='ltr'><strong>exponendo,</strong></span> <span class='ocrx_word' id='word_1_85' title='bbox 1052 2765 1087 2827; x_wconf 91' lang='lat' dir='ltr'><strong>et</strong></span> <span class='ocrx_word' id='word_1_86' title='bbox 1109 2762 1214 2850; x_wconf 86' lang='lat' dir='ltr'><strong>ipsius</strong></span> <span class='ocrx_word' id='word_1_87' title='bbox 1235 2768 1341 2827; x_wconf 87' lang='lat' dir='ltr'><strong>terras</strong></span> <span class='ocrx_word' id='word_1_88' title='bbox 1363 2784 1439 2828; x_wconf 92' lang='lat' dir='ltr'><strong>cum</strong></span> <span class='ocrx_word' id='word_1_89' title='bbox 1461 2762 1628 2827; x_wconf 75' lang='lat' dir='ltr'><strong>donativis</strong></span> 
     </span>
     <span class='ocr_line' id='line_1_14' title="bbox 577 2862 1760 2953; baseline -0.003 -22"><span class='ocrx_word' id='word_1_90' title='bbox 577 2866 728 2953; x_wconf 87' lang='lat' dir='ltr'><strong>plurimis</strong></span> <span class='ocrx_word' id='word_1_91' title='bbox 762 2865 959 2952; x_wconf 88' lang='lat' dir='ltr'><strong>ampliando.</strong></span> <span class='ocrx_word' id='word_1_92' title='bbox 1013 2863 1077 2930; x_wconf 90' lang='lat' dir='ltr'><strong>Die</strong></span> <span class='ocrx_word' id='word_1_93' title='bbox 1109 2886 1188 2930; x_wconf 90' lang='lat' dir='ltr'><strong>vero</strong></span> <span class='ocrx_word' id='word_1_94' title='bbox 1221 2865 1326 2930; x_wconf 88' lang='lat' dir='ltr'><strong>sancti</strong></span> <span class='ocrx_word' id='word_1_95' title='bbox 1358 2863 1538 2943; x_wconf 85' lang='lat' dir='ltr'><strong>AEdwardi,</strong></span> <span class='ocrx_word' id='word_1_96' title='bbox 1571 2864 1628 2951; x_wconf 91' lang='lat' dir='ltr'><strong>qui</strong></span> <span class='ocrx_word' id='word_1_97' title='bbox 1675 2862 1760 2914; x_wconf 70' lang='lat'>⁵³⁸⁰·</span> 
     </span>
     <span class='ocr_line' id='line_1_15' title="bbox 578 2966 1626 3056; baseline -0.001 -23"><span class='ocrx_word' id='word_1_98' title='bbox 578 2970 767 3056; x_wconf 88' lang='lat' dir='ltr'><strong>sollempnis</strong></span> <span class='ocrx_word' id='word_1_99' title='bbox 797 2967 869 3056; x_wconf 82' lang='lat' dir='ltr'><strong>regi</strong></span> <span class='ocrx_word' id='word_1_100' title='bbox 903 2967 945 3034; x_wconf 93' lang='lat' dir='ltr'><strong>de</strong></span> <span class='ocrx_word' id='word_1_101' title='bbox 978 2989 1069 3033; x_wconf 90' lang='lat' dir='ltr'><strong>more</strong></span> <span class='ocrx_word' id='word_1_102' title='bbox 1099 2966 1252 3047; x_wconf 84' lang='lat' dir='ltr'><strong>habetur,</strong></span> <span class='ocrx_word' id='word_1_103' title='bbox 1277 2967 1366 3033; x_wconf 91' lang='lat' dir='ltr'><strong>idem</strong></span> <span class='ocrx_word' id='word_1_104' title='bbox 1400 2989 1460 3033; x_wconf 85' lang='lat' dir='ltr'><strong>rex</strong></span> <span class='ocrx_word' id='word_1_105' title='bbox 1491 2968 1626 3055; x_wconf 82' lang='lat' dir='ltr'><strong>praedie-</strong></span> 
     </span>
     <span class='ocr_line' id='line_1_16' title="bbox 577 3069 1628 3157; baseline -0.002 -20"><span class='ocrx_word' id='word_1_106' title='bbox 577 3078 650 3137; x_wconf 90' lang='lat' dir='ltr'><strong>tum</strong></span> <span class='ocrx_word' id='word_1_107' title='bbox 676 3070 813 3137; x_wconf 88' lang='lat' dir='ltr'><strong>Petrum</strong></span> <span class='ocrx_word' id='word_1_108' title='bbox 844 3092 918 3135; x_wconf 89' lang='lat' dir='ltr'><strong>cum</strong></span> <span class='ocrx_word' id='word_1_109' title='bbox 950 3069 1050 3135; x_wconf 89' lang='lat' dir='ltr'><strong>nimis</strong></span> <span class='ocrx_word' id='word_1_110' title='bbox 1083 3091 1240 3157; x_wconf 88' lang='lat' dir='ltr'><strong>pomposo</strong></span> <span class='ocrx_word' id='word_1_111' title='bbox 1262 3069 1352 3137; x_wconf 83' lang='lat' dir='ltr'><strong>fastu</strong></span> <span class='ocrx_word' id='word_1_112' title='bbox 1378 3070 1490 3136; x_wconf 90' lang='lat' dir='ltr'><strong>balteo</strong></span> <span class='ocrx_word' id='word_1_113' title='bbox 1522 3070 1628 3135; x_wconf 85' lang='lat' dir='ltr'><strong>cinxit</strong></span> 
     </span>
     <span class='ocr_line' id='line_1_17' title="bbox 578 3173 1627 3264; baseline 0.002 -25"><span class='ocrx_word' id='word_1_114' title='bbox 578 3173 727 3252; x_wconf 90' lang='lat' dir='ltr'><strong>militari,</strong></span> <span class='ocrx_word' id='word_1_115' title='bbox 750 3179 785 3241; x_wconf 91' lang='lat' dir='ltr'><strong>et</strong></span> <span class='ocrx_word' id='word_1_116' title='bbox 817 3173 1008 3240; x_wconf 90' lang='lat' dir='ltr'><strong>convivium</strong></span> <span class='ocrx_word' id='word_1_117' title='bbox 1040 3174 1092 3239; x_wconf 88' lang='lat' dir='ltr'><strong>sui</strong></span> <span class='ocrx_word' id='word_1_118' title='bbox 1125 3174 1270 3241; x_wconf 85' lang='lat' dir='ltr'><strong>tirocinii</strong></span> <span class='ocrx_word' id='word_1_119' title='bbox 1304 3174 1362 3239; x_wconf 80' lang='lat' dir='ltr'><strong>in‘</strong></span> <span class='ocrx_word' id='word_1_120' title='bbox 1383 3197 1506 3264; x_wconf 84' lang='lat' dir='ltr'><strong>magna</strong></span> <span class='ocrx_word' id='word_1_121' title='bbox 1536 3175 1627 3264; x_wconf 86' lang='lat' dir='ltr'><strong>regia</strong></span> 
     </span>
     <span class='ocr_line' id='line_1_18' title="bbox 579 3277 1077 3344; baseline -0.004 0"><span class='ocrx_word' id='word_1_122' title='bbox 579 3277 865 3344; x_wconf 82' lang='lat' dir='ltr'><strong>westmonasterii</strong></span> <span class='ocrx_word' id='word_1_123' title='bbox 887 3278 1077 3344; x_wconf 86' lang='lat' dir='ltr'><strong>celebravit.</strong></span> 
     </span>
    </p>
   </div>
   <div class='ocr_carea' id='block_1_5' title="bbox 580 3548 1627 3721">
    <p class='ocr_par' dir='ltr' id='par_1_5' title="bbox 580 3548 1627 3721">
     <span class='ocr_line' id='line_1_19' title="bbox 580 3548 1627 3640; baseline -0.003 -19"><span class='ocrx_word' id='word_1_124' title='bbox 580 3549 745 3636; x_wconf 62' lang='lat' dir='ltr'><strong>Mustela·</strong></span> <span class='ocrx_word' id='word_1_125' title='bbox 759 3548 946 3616; x_wconf 74' lang='lat' dir='ltr'><strong>Niclaotsus</strong></span> <span class='ocrx_word' id='word_1_126' title='bbox 968 3549 1008 3616; x_wconf 85' lang='lat' dir='ltr'><strong>de</strong></span> <span class='ocrx_word' id='word_1_127' title='bbox 1023 3549 1197 3617; x_wconf 70' lang='lat' dir='ltr'><strong>Familiam</strong></span> <span class='ocrx_word' id='word_1_128' title='bbox 1220 3550 1364 3636; x_wconf 59' lang='lat' dir='ltr'><strong>elicitur</strong></span> <span class='ocrx_word' id='word_1_129' title='bbox 1386 3551 1432 3617; x_wconf 83' lang='lat' dir='ltr'><strong>od</strong></span> <span class='ocrx_word' id='word_1_130' title='bbox 1458 3551 1627 3640; x_wconf 77' lang='lat' dir='ltr'><strong>episcopu-</strong></span> 
     </span>
     <span class='ocr_line' id='line_1_20' title="bbox 912 3652 1284 3721; baseline 0.003 -1"><span class='ocrx_word' id='word_1_131' title='bbox 912 3658 989 3720; x_wconf 80' lang='lat' dir='ltr'><strong>tuue</strong></span> <span class='ocrx_word' id='word_1_132' title='bbox 1010 3652 1284 3721; x_wconf 75' lang='lat' dir='ltr'><strong>Duaeluwusem.</strong></span> 
     </span>
    </p>
   </div>
   <div class='ocr_carea' id='block_1_6' title="bbox 578 3813 1799 4318">
    <p class='ocr_par' dir='ltr' id='par_1_6' title="bbox 578 3813 1799 4318">
     <span class='ocr_line' id='line_1_21' title="bbox 623 3813 1799 3900; baseline 0.01 -20"><span class='ocrx_word' id='word_1_133' title='bbox 623 3813 750 3880; x_wconf 87' lang='lat' dir='ltr'><strong>Diebus</strong></span> <span class='ocrx_word' id='word_1_134' title='bbox 788 3835 918 3900; x_wconf 90' lang='lat' dir='ltr'><strong>quoque</strong></span> <span class='ocrx_word' id='word_1_135' title='bbox 952 3814 1014 3879; x_wconf 89' lang='lat' dir='ltr'><strong>sub</strong></span> <span class='ocrx_word' id='word_1_136' title='bbox 1047 3814 1171 3881; x_wconf 86' lang='lat' dir='ltr'><strong>eisdem</strong></span> <span class='ocrx_word' id='word_1_137' title='bbox 1205 3815 1357 3880; x_wconf 87' lang='lat' dir='ltr'><strong>monaehi</strong></span> <span class='ocrx_word' id='word_1_138' title='bbox 1380 3815 1628 3898; x_wconf 89' lang='lat' dir='ltr'><strong>Duuelmenses,</strong></span> <span class='ocrx_word' id='word_1_139' title='bbox 1642 3837 1799 3891; x_wconf 69' lang='lat' dir='ltr'><strong>alectoros</strong></span> 
     </span>
     <span class='ocr_line' id='line_1_22' title="bbox 578 3904 1762 4023; baseline 0.003 -38"><span class='ocrx_word' id='word_1_140' title='bbox 578 3923 655 4008; x_wconf 88' lang='lat' dir='ltr'><strong>post</strong></span> <span class='ocrx_word' id='word_1_141' title='bbox 676 3917 799 3985; x_wconf 88' lang='lat' dir='ltr'><strong>multos</strong></span> <span class='ocrx_word' id='word_1_142' title='bbox 820 3918 950 3984; x_wconf 83' lang='lat' dir='ltr'><strong>labores</strong></span> <span class='ocrx_word' id='word_1_143' title='bbox 972 3918 1111 3985; x_wconf 90' lang='lat' dir='ltr'><strong>inutiles</strong></span> <span class='ocrx_word' id='word_1_144' title='bbox 1134 3923 1169 3986; x_wconf 89' lang='lat' dir='ltr'><strong>et</strong></span> <span class='ocrx_word' id='word_1_145' title='bbox 1192 3941 1413 4006; x_wconf 87' lang='lat' dir='ltr'><strong>expensarum</strong></span> <span class='ocrx_word' id='word_1_146' title='bbox 1446 3920 1628 4001; x_wconf 83' lang='lat' dir='ltr'><strong>effusiones,</strong></span> <span class='ocrx_word' id='word_1_147' title='bbox 1642 3904 1762 4023; x_wconf 54' lang='lat' dir='ltr'><strong>ffil‘</strong></span> 
     </span>
     <span class='ocr_line' id='line_1_23' title="bbox 579 3990 1768 4111; baseline 0.003 -21"><span class='ocrx_word' id='word_1_148' title='bbox 579 4023 714 4090; x_wconf 83' lang='lat' dir='ltr'><strong>cedente</strong></span> <span class='ocrx_word' id='word_1_149' title='bbox 751 4022 861 4110; x_wconf 92' lang='lat' dir='ltr'><strong>priore</strong></span> <span class='ocrx_word' id='word_1_150' title='bbox 898 4043 1013 4088; x_wconf 90' lang='lat' dir='ltr'><strong>eorum</strong></span> <span class='ocrx_word' id='word_1_151' title='bbox 1052 4021 1189 4103; x_wconf 83' lang='lat' dir='ltr'><strong>Thema,</strong></span> <span class='ocrx_word' id='word_1_152' title='bbox 1226 4022 1397 4109; x_wconf 87' lang='lat' dir='ltr'><strong>elegerunt</strong></span> <span class='ocrx_word' id='word_1_153' title='bbox 1433 4024 1629 4111; x_wconf 83' lang='lat' dir='ltr'><strong>magistrum</strong></span> <span class='ocrx_word' id='word_1_154' title='bbox 1642 3990 1768 4105; x_wconf 51' lang='lat' dir='ltr'><strong>asbpdll</strong></span> 
     </span>
     <span class='ocr_line' id='line_1_24' title="bbox 579 4105 1764 4212; baseline 0.001 -19"><span class='ocrx_word' id='word_1_155' title='bbox 579 4125 777 4193; x_wconf 88' lang='lat' dir='ltr'><strong>Nicholaum</strong></span> <span class='ocrx_word' id='word_1_156' title='bbox 801 4125 841 4191; x_wconf 92' lang='lat' dir='ltr'><strong>de</strong></span> <span class='ocrx_word' id='word_1_157' title='bbox 864 4125 1040 4202; x_wconf 84' lang='lat' dir='ltr'><strong>Fernham‚</strong></span> <span class='ocrx_word' id='word_1_158' title='bbox 1064 4124 1192 4190; x_wconf 89' lang='lat' dir='ltr'><strong>domini</strong></span> <span class='ocrx_word' id='word_1_159' title='bbox 1214 4126 1301 4212; x_wconf 85' lang='lat' dir='ltr'><strong>regis</strong></span> <span class='ocrx_word' id='word_1_160' title='bbox 1332 4125 1493 4205; x_wconf 88' lang='lat' dir='ltr'><strong>clericum,</strong></span> <span class='ocrx_word' id='word_1_161' title='bbox 1517 4128 1628 4193; x_wconf 85' lang='lat' dir='ltr'><strong>virum</strong></span> <span class='ocrx_word' id='word_1_162' title='bbox 1641 4105 1764 4163; x_wconf 72' lang='lat' dir='ltr'><strong>Durhsm,</strong></span> 
     </span>
     <span class='ocr_line' id='line_1_25' title="bbox 579 4227 1629 4318; baseline 0.001 -22"><span class='ocrx_word' id='word_1_163' title='bbox 579 4230 745 4316; x_wconf 86' lang='lat' dir='ltr'><strong>eleganter</strong></span> <span class='ocrx_word' id='word_1_164' title='bbox 774 4228 946 4295; x_wconf 87' lang='lat' dir='ltr'><strong>literatum</strong></span> <span class='ocrx_word' id='word_1_165' title='bbox 976 4231 1012 4293; x_wconf 86' lang='lat' dir='ltr'><strong>et</strong></span> <span class='ocrx_word' id='word_1_166' title='bbox 1040 4227 1187 4294; x_wconf 91' lang='lat' dir='ltr'><strong>moribus</strong></span> <span class='ocrx_word' id='word_1_167' title='bbox 1218 4228 1426 4311; x_wconf 87' lang='lat' dir='ltr'><strong>adornatum,</strong></span> <span class='ocrx_word' id='word_1_168' title='bbox 1447 4231 1484 4294; x_wconf 94' lang='lat' dir='ltr'><strong>in</strong></span> <span class='ocrx_word' id='word_1_169' title='bbox 1506 4231 1629 4318; x_wconf 86' lang='lat' dir='ltr'><strong>episeo-</strong></span> 
     </span>
    </p>
   </div>
   <div class='ocr_carea' id='block_1_7' title="bbox 578 4329 1277 4422">
    <p class='ocr_par' dir='ltr' id='par_1_7' title="bbox 578 4329 1277 4422">
     <span class='ocr_line' id='line_1_26' title="bbox 578 4329 1277 4422; baseline -0.003 -24"><span class='ocrx_word' id='word_1_170' title='bbox 578 4354 658 4422; x_wconf 89' lang='lat' dir='ltr'><strong>pum</strong></span> <span class='ocrx_word' id='word_1_171' title='bbox 681 4337 715 4398; x_wconf 87' lang='lat' dir='ltr'><strong>et</strong></span> <span class='ocrx_word' id='word_1_172' title='bbox 737 4338 902 4418; x_wconf 82' lang='lat' dir='ltr'><strong>pastorem</strong></span> <span class='ocrx_word' id='word_1_173' title='bbox 925 4329 1111 4396; x_wconf 86' lang='lat' dir='ltr'><strong>animarum</strong></span> <span class='ocrx_word' id='word_1_174' title='bbox 1134 4352 1277 4397; x_wconf 91' lang='lat' dir='ltr'><strong>suarum.</strong></span> 
     </span>
    </p>
   </div>
   <div class='ocr_carea' id='block_1_8' title="bbox 579 4627 1627 5012">
    <p class='ocr_par' dir='ltr' id='par_1_8' title="bbox 579 4627 1627 4854">
     <span class='ocr_line' id='line_1_27' title="bbox 613 4627 1627 4700; baseline 0.006 -22"><span class='ocrx_word' id='word_1_175' title='bbox 613 4632 620 4661; x_wconf 91' lang='lat'><strong>¹</strong></span> <span class='ocrx_word' id='word_1_176' title='bbox 638 4628 830 4693; x_wconf 72' lang='lat' dir='ltr'><strong>adaequem..</strong></span> <span class='ocrx_word' id='word_1_177' title='bbox 843 4664 869 4679; x_wconf 90' lang='lat'><strong>..</strong></span> <span class='ocrx_word' id='word_1_178' title='bbox 887 4627 1001 4695; x_wconf 76' lang='lat' dir='ltr'><strong>dedecus]</strong></span> <span class='ocrx_word' id='word_1_179' title='bbox 1015 4627 1079 4680; x_wconf 82' lang='lat' dir='ltr'><strong>&#39;l&#39;his</strong></span> <span class='ocrx_word' id='word_1_180' title='bbox 1126 4631 1211 4682; x_wconf 83' lang='lat' dir='ltr'><strong>These</strong></span> <span class='ocrx_word' id='word_1_181' title='bbox 1229 4634 1311 4682; x_wconf 81' lang='lat' dir='ltr'><strong>words</strong></span> <span class='ocrx_word' id='word_1_182' title='bbox 1326 4647 1369 4682; x_wconf 79' lang='lat' dir='ltr'><strong>ere</strong></span> <span class='ocrx_word' id='word_1_183' title='bbox 1380 4633 1479 4682; x_wconf 78' lang='lat' dir='ltr'><strong>written</strong></span> <span class='ocrx_word' id='word_1_184' title='bbox 1496 4649 1529 4683; x_wconf 91' lang='lat' dir='ltr'><strong>on</strong></span> <span class='ocrx_word' id='word_1_185' title='bbox 1546 4649 1562 4684; x_wconf 86' lang='lat' dir='ltr'><strong>a</strong></span> <span class='ocrx_word' id='word_1_186' title='bbox 1578 4635 1627 4700; x_wconf 87' lang='lat' dir='ltr'><strong>slip</strong></span> 
     </span>
     <span class='ocr_line' id='line_1_28' title="bbox 580 4708 1627 4777; baseline 0.006 -18"><span class='ocrx_word' id='word_1_187' title='bbox 580 4710 632 4759; x_wconf 83' lang='lat' dir='ltr'><strong>line</strong></span> <span class='ocrx_word' id='word_1_188' title='bbox 644 4709 665 4758; x_wconf 87' lang='lat' dir='ltr'><strong>is</strong></span> <span class='ocrx_word' id='word_1_189' title='bbox 677 4708 846 4758; x_wconf 83' lang='lat' dir='ltr'><strong>underscored</strong></span> <span class='ocrx_word' id='word_1_190' title='bbox 853 4708 915 4758; x_wconf 83' lang='lat' dir='ltr'><strong>with</strong></span> <span class='ocrx_word' id='word_1_191' title='bbox 926 4708 1079 4769; x_wconf 61' lang='lat' dir='ltr'><strong>redforrhe</strong></span> <span class='ocrx_word' id='word_1_192' title='bbox 1127 4710 1158 4761; x_wconf 78' lang='lat' dir='ltr'><strong>of</strong></span> <span class='ocrx_word' id='word_1_193' title='bbox 1170 4712 1264 4762; x_wconf 84' lang='lat' dir='ltr'><strong>vellum</strong></span> <span class='ocrx_word' id='word_1_194' title='bbox 1282 4714 1367 4777; x_wconf 66' lang='lat' dir='ltr'><strong>pseud</strong></span> <span class='ocrx_word' id='word_1_195' title='bbox 1384 4727 1444 4762; x_wconf 85' lang='lat' dir='ltr'><strong>over</strong></span> <span class='ocrx_word' id='word_1_196' title='bbox 1460 4713 1502 4763; x_wconf 81' lang='lat' dir='ltr'><strong>the</strong></span> <span class='ocrx_word' id='word_1_197' title='bbox 1519 4714 1627 4777; x_wconf 75' lang='lat' dir='ltr'><strong>original</strong></span> 
     </span>
     <span class='ocr_line' id='line_1_29' title="bbox 579 4786 1493 4854; baseline 0.002 -15"><span class='ocrx_word' id='word_1_198' title='bbox 579 4803 687 4854; x_wconf 85' lang='lat' dir='ltr'><strong>purpose</strong></span> <span class='ocrx_word' id='word_1_199' title='bbox 698 4787 729 4836; x_wconf 85' lang='lat' dir='ltr'><strong>ol&#39;</strong></span> <span class='ocrx_word' id='word_1_200' title='bbox 735 4786 865 4837; x_wconf 79' lang='lat' dir='ltr'><strong>omission.</strong></span> <span class='ocrx_word' id='word_1_201' title='bbox 1127 4796 1189 4848; x_wconf 82' lang='lat' dir='ltr'><strong>text,</strong></span> <span class='ocrx_word' id='word_1_202' title='bbox 1200 4790 1285 4840; x_wconf 82' lang='lat' dir='ltr'><strong>which</strong></span> <span class='ocrx_word' id='word_1_203' title='bbox 1297 4791 1319 4839; x_wconf 89' lang='lat' dir='ltr'><strong>is</strong></span> <span class='ocrx_word' id='word_1_204' title='bbox 1330 4806 1388 4841; x_wconf 79' lang='lat' dir='ltr'><strong>now</strong></span> <span class='ocrx_word' id='word_1_205' title='bbox 1399 4793 1493 4841; x_wconf 80' lang='lat' dir='ltr'><strong>erased.</strong></span> 
     </span>
    </p>

    <p class='ocr_par' dir='ltr' id='par_1_9' title="bbox 609 4864 1503 4935">
     <span class='ocr_line' id='line_1_30' title="bbox 609 4864 1503 4935; baseline 0.004 -19"><span class='ocrx_word' id='word_1_206' title='bbox 609 4871 619 4899; x_wconf 80' lang='lat'><strong>²</strong></span> <span class='ocrx_word' id='word_1_207' title='bbox 639 4864 815 4932; x_wconf 63' lang='lat' dir='ltr'><strong>Analicunom]</strong></span> <span class='ocrx_word' id='word_1_208' title='bbox 835 4865 928 4916; x_wconf 79' lang='lat' dir='ltr'><strong>Added</strong></span> <span class='ocrx_word' id='word_1_209' title='bbox 938 4865 966 4915; x_wconf 88' lang='lat' dir='ltr'><strong>in</strong></span> <span class='ocrx_word' id='word_1_210' title='bbox 976 4880 1056 4930; x_wconf 78' lang='lat' dir='ltr'><strong>marg.</strong></span> <span class='ocrx_word' id='word_1_211' title='bbox 1161 4869 1171 4898; x_wconf 81' lang='lat'>⁴</span> <span class='ocrx_word' id='word_1_212' title='bbox 1188 4870 1226 4934; x_wconf 80' lang='lat' dir='ltr'><strong>in]</strong></span> <span class='ocrx_word' id='word_1_213' title='bbox 1246 4870 1372 4934; x_wconf 80' lang='lat' dir='ltr'><strong>Repented</strong></span> <span class='ocrx_word' id='word_1_214' title='bbox 1382 4871 1417 4935; x_wconf 81' lang='lat' dir='ltr'><strong>by</strong></span> <span class='ocrx_word' id='word_1_215' title='bbox 1428 4886 1503 4922; x_wconf 83' lang='lat' dir='ltr'><strong>error.</strong></span> 
     </span>
    </p>

    <p class='ocr_par' dir='ltr' id='par_1_10' title="bbox 612 4945 1077 5012">
     <span class='ocr_line' id='line_1_31' title="bbox 612 4945 1077 5012; baseline -0.002 -16"><span class='ocrx_word' id='word_1_216' title='bbox 612 4947 686 4996; x_wconf 75' lang='lat' dir='ltr'><strong>&#39;sibi</strong></span> <span class='ocrx_word' id='word_1_217' title='bbox 706 4947 761 5011; x_wconf 75' lang='lat' dir='ltr'><strong>jam</strong></span> <span class='ocrx_word' id='word_1_218' title='bbox 780 4985 786 4998; x_wconf 93' lang='lat'>.</span> <span class='ocrx_word' id='word_1_219' title='bbox 804 4984 811 4997; x_wconf 87' lang='lat'><strong>.</strong></span> <span class='ocrx_word' id='word_1_220' title='bbox 829 4983 835 4995; x_wconf 94' lang='lat'>.</span> <span class='ocrx_word' id='word_1_221' title='bbox 854 4982 861 4996; x_wconf 95' lang='lat'><strong>.</strong></span> <span class='ocrx_word' id='word_1_222' title='bbox 877 4945 1077 5012; x_wconf 68' lang='lat' dir='ltr'><strong>circumspectus]</strong></span> 
     </span>
    </p>
   </div>
   <div class='ocr_carea' id='block_1_9' title="bbox 0 0 2275 6420">
    <p class='ocr_par' dir='ltr' id='par_1_11' title="bbox 0 0 2275 6420">
     <span class='ocr_line' id='line_1_32' title="bbox 0 0 2275 6420; baseline 0 0"><span class='ocrx_word' id='word_1_223' title='bbox 0 0 2275 6420; x_wconf 95' lang='lat' dir='ltr'><strong> </strong></span> 
     </span>
    </p>
   </div>
  </div>
 </body>
</html>
