4517 6425
645 1164 688 1229 60
778 1177 944 1229 narrum
967 1178 1180 1228 ramsraasrs
1202 1177 1366 1229 maroam
1388 1177 1589 1230 maronam

477 1359 546 1412 Ad).
561 1366 632 1413 1¹⁹6·
639 1354 744 1441 jussit
767 1355 896 1442 pondus
918 1376 1085 1446 armorum
1107 1353 1252 1442 episcopi
1266 1360 1302 1420 et
1323 1353 1553 1435 archidiaconi,
1577 1360 1613 1421 et
1635 1354 1717 1421 cle.

644 1459 787 1524 ricorum
817 1460 875 1546 qui
905 1480 980 1525 cum
1009 1458 1092 1546 ipsis
1117 1456 1234 1537 erant,¹
1258 1458 1296 1523 in
1318 1462 1453 1524 tantum
1476 1457 1635 1540 alleviari,
1659 1464 1716 1524 ut.

475 1580 587 1633 nichao
642 1560 753 1629 loricae
790 1584 903 1628 eorum
941 1561 1192 1649 deponerentur.
1247 1559 1300 1639 Et,
1335 1560 1436 1626 missa
1465 1559 1567 1627 lorica
1591 1560 1717 1628 archi.

475 1649 604 1780 ἱξξξξιξξθ
644 1665 773 1733 diaconi
805 1664 864 1732 et⁸
886 1664 1030 1752 episcopi
1063 1664 1199 1731 domino
1230 1686 1334 1752 papae,
1357 1664 1490 1751 scripsit
1511 1663 1543 1730 ei
1572 1664 1619 1730 sic
1645 1664 1715 1729 in-.

475 1784 573 1832 costos
643 1769 767 1856 quiens,
803 1775 821 1805 “
830 1767 925 1847 Vide,
949 1768 978 1833 si
999 1767 1115 1834 tunica
1144 1766 1207 1831 filii
1232 1768 1284 1832 tui
1306 1767 1361 1848 sit,
1400 1789 1444 1832 an
1476 1766 1593 1833 nonl''
1648 1768 1715 1834 At.

475 1849 573 1981 ζὀξὲω
587 1849 730 1960 thepapa
751 1871 924 1937 subridens
946 1871 1127 1958 respondit,
1158 1891 1233 1935 cum
1268 1870 1404 1936 vidisset
1434 1869 1571 1936 loricam
1605 1891 1714 1958 mag·.

641 1997 721 2040 nam
743 1980 778 2040 et
799 1974 954 2061 rubigine
971 1974 1043 2060 jam
1066 1974 1217 2054 tinctam,
1250 1979 1268 2009 “
1280 1972 1375 2055 Vere,
1401 1995 1469 2038 non
1501 1976 1551 2039 est
1580 1974 1714 2039 tunica.

642 2078 696 2143 vel
711 2076 826 2143 fratris
840 2077 894 2143 vel
908 2076 972 2141 filii
989 2077 1063 2154 mei,
1075 2077 1178 2141 immo
1198 2097 1258 2142 nec
1272 2075 1334 2141 filii
1356 2075 1445 2163 pacis
1467 2075 1523 2141 vel
1545 2076 1713 2154 eeclesia„

641 2181 699 2246 sed
722 2180 833 2268 potius
848 2178 910 2244 filii
933 2179 1071 2261 Martis;
1093 2178 1278 2244 liberentur
1300 2179 1405 2266 igitur
1426 2177 1505 2245 talis
1524 2178 1712 2265 episcopua·

642 2289 677 2349 et
698 2284 760 2362 sni,
784 2282 843 2371 qui
857 2282 979 2348 armati
1000 2282 1267 2364 inveniebantur,
1290 2304 1349 2369 per
1370 2280 1630 2370 redemptionem
1650 2282 1713 2346 ad·

642 2387 728 2476 regis
750 2382 988 2453 voluntatem''

667 2703 716 2771 De
742 2702 895 2791 quodum
923 2701 1085 2769 mirabile
1106 2699 1239 2770 visione
1261 2699 1332 2769 sice
1353 2700 1555 2769 reventum
1570 2700 1669 2788 saeba

878 2804 1019 2872 cuidmu
1040 2803 1206 2872 ammoto
1229 2804 1268 2872 dc
1290 2803 1463 2871 Evcaboua

473 2982 574 3033 vision·
688 2957 784 3025 Circa
805 2958 880 3024 illos
903 2958 974 3024 dies
994 2958 1083 3024 facta
1104 2963 1157 3023 est
1171 2957 1334 3024 divinitus
1357 2956 1509 3044 quaedam
1531 2956 1711 3022 mirabilis.

473 3053 604 3168 fnegsskbff
642 3060 727 3126 visio
750 3062 820 3127 sive
849 3060 1009 3127 revelatio
1036 3060 1167 3127 cuidam
1190 3061 1350 3127 monacho
1376 3059 1620 3139 Eveshamensi,
1652 3059 1711 3125 de.

473 3183 607 3236 lovesham.
640 3164 770 3252 gaudiis
794 3164 951 3252 paradisi,
982 3170 1017 3231 et
1043 3163 1085 3231 de
1106 3164 1187 3231 loeis
1218 3163 1405 3252 poenalibus
1428 3169 1462 3230 ct
1490 3162 1711 3251 purgatorio..

641 3269 723 3349 Quae
745 3268 829 3333 visio
852 3267 927 3333 ideo
959 3268 1032 3356 plus
1054 3268 1256 3345 credebatur,
1280 3268 1359 3354 quia
1392 3290 1451 3355 per
1472 3268 1600 3355 aliquot
1622 3267 1712 3332 dies.

635 3371 744 3456 jacuit
765 3371 856 3436 idem
871 3371 1050 3437 monachus
1066 3372 1161 3460 quasi
1183 3372 1219 3436 in
1240 3372 1357 3449 extasi,
1372 3376 1413 3437 ut
1426 3393 1487 3437 nec
1509 3372 1608 3437 vivus
1630 3392 1711 3436 neo.

640 3479 791 3540 mortuus
817 3473 1033 3560 judicaretur.
1088 3474 1193 3561 Cujus
1222 3475 1360 3540 visionis
1394 3475 1448 3540 vel
1479 3474 1710 3541 revelationis.

640 3576 719 3662 quia
740 3577 888 3642 narratio
903 3576 1034 3664 prolixa
1049 3582 1106 3654 est,
1130 3577 1237 3665 ipsam
1253 3577 1330 3642 huic
1352 3576 1504 3664 paginas³
1526 3598 1595 3642 non
1617 3598 1709 3656 cen.

639 3701 694 3745 seo
717 3679 964 3745 contexendam.
1021 3679 1086 3745 Sed
1117 3680 1221 3768 siquis
1243 3702 1325 3760 eam,
1347 3681 1426 3767 quia
1447 3678 1610 3744 mirabilis
1640 3684 1709 3744 est.

638 3789 673 3846 et
703 3804 790 3859 vera,
818 3782 976 3869 inspicere
1000 3781 1188 3862 desiderat,⁴
1211 3783 1300 3871 apud
1327 3782 1487 3848 Sanctum
1509 3780 1710 3859 Albanum„

638 3883 725 3949 sicut
740 3889 774 3948 et
789 3885 879 3970 apud
903 3885 1099 3963 Euuesham,
1121 3885 1252 3972 plenius
1274 3884 1467 3972 inscriptam
1489 3883 1614 3970 poterit
1640 3904 1709 3948 re-.

639 3983 767 4072 perire.⁶

675 4277 778 4341 ¹eranl]
798 4276 890 4326 Added
900 4292 934 4327 on
946 4275 1099 4327 tothetext.
1162 4281 1166 4357 J
1221 4277 1306 4326 ⁵This
1313 4277 1433 4341 legendis
1444 4275 1554 4328 inserted
1565 4283 1591 4327 at
1602 4277 1689 4344 length

673 4355 862 4406 π(ινσΙιιὶίίιιωκί
871 4356 908 4422 et]
921 4357 1014 4406 Added
1022 4356 1050 4406 in
1061 4371 1139 4421 marg.
1189 4356 1216 4407 in
1237 4357 1392 4416 Weudover,
1410 4355 1447 4407 iii.
1465 4360 1573 4418 97-117,
1591 4358 1642 4407 aud
1661 4357 1689 4408 in

673 4438 683 4466 ³
690 4434 803 4501 popina]
823 4435 921 4501 pogium
932 4434 990 4487 MS.
1192 4435 1219 4486 B.
1233 4437 1261 4488 C.
1272 4436 1302 4486 F.
1315 4437 1367 4500 (ed
1376 4435 1457 4495 Wata,
1468 4451 1510 4501 pp.
1525 4438 1660 4502 182-189.)

673 4517 682 4546 ⁴
693 4514 827 4581 ἀείδεται]
846 4514 971 4573 disideras,
984 4514 1040 4565 MS.
