4517 6425
741 1196 788 1243 os
810 1194 969 1243 aminoen
992 1193 1093 1243 nscrs
1114 1190 1295 1242 scamma
1477 1177 1542 1245 187

490 1368 707 1433 Eustachium
737 1369 779 1434 de
794 1367 924 1453 Vescy,¹
941 1367 1050 1433 virum
1074 1366 1221 1432 nobilem
1247 1371 1282 1432 et
1305 1369 1483 1452 potentem,
1507 1367 1544 1429 in
1556 1370 1626 1421 ΑΒ.
1641 1377 1712 1423 1216·

488 1472 598 1537 fronte
620 1470 791 1558 percussit,
816 1470 885 1557 qui,
915 1471 1048 1537 cerebro
1079 1470 1253 1557 perforato,
1283 1468 1359 1534 ilico
1389 1468 1544 1555 spiritum
1557 1454 1706 1573 ffiffie

490 1573 683 1640 exhalauit.2
738 1573 871 1640 Habuit
896 1574 1031 1660 quidem
1061 1573 1152 1639 idem
1175 1572 1378 1639 Eustachius
1401 1594 1545 1638 sororem
1557 1588 1650 1654 vescy.

489 1678 576 1765 regis
592 1678 715 1745 Scociae
738 1678 981 1764 desponsatam,
1002 1677 1092 1742 unde
1114 1677 1205 1743 idem
1227 1698 1287 1742 rex
1301 1680 1337 1742 et
1359 1676 1429 1762 ejus
1451 1698 1543 1763 mag-

491 1786 595 1858 nates,
625 1803 700 1846 cum
724 1780 880 1846 universo
910 1781 1073 1847 baronum
1103 1780 1241 1868 collegio
1267 1779 1472 1846 exterritus³
1494 1785 1546 1844 cst

490 1883 599 1964 nimis,
622 1884 733 1949 animo
756 1888 993 1951 constematus
1040 1884 1114 1949 Rex
1142 1888 1263 1959 autem,
1288 1883 1385 1962 facto,
1409 1890 1450 1947 ut
1475 1882 1545 1947 dic-

490 1992 646 2068 tumeat,
669 1987 831 2074 homagio,
854 1988 962 2053 tristis
983 1987 1027 2053 ad
1050 1986 1184 2075 propria
1206 1986 1375 2053 remeavit.
1411 2027 1415 2035 ·

546 2274 703 2361 Qualiter
721 2276 877 2363 proditio
900 2284 930 2344 et
952 2275 1114 2364 superbio
1137 2277 1355 2345 ibericorum
1376 2275 1500 2343 detecte

953 2379 1074 2464 fueret.

320 2543 480 2608 languena
538 2528 690 2614 Contigit
713 2534 825 2593 autem
848 2528 908 2593 hac
940 2532 1141 2614 tempestate
1164 2526 1389 2592 vicecomitem
1413 2524 1453 2590 de
1477 2524 1546 2588 Me·
1560 2534 1708 2587 confession

351 2612 390 2660 iii.
400 2616 456 2662 ³⁸³·
492 2630 558 2708 lun,
592 2632 702 2695 virum
740 2631 883 2695 nobilem
921 2630 963 2695 de
1000 2652 1101 2718 regno
1138 2630 1350 2710 Francorum,
1385 2628 1443 2714 (lui
1473 2604 1667 2722 ⁰umiicii1itc
1684 2671 1715 2721 de

339 2744 386 2796 rol.
399 2749 461 2793 990.
493 2733 666 2799 Lodowico
700 2733 736 2797 in
759 2732 915 2820 Angliam
946 2739 1092 2812 venerat,
1125 2733 1162 2797 in
1194 2732 1277 2798 urbe
1300 2731 1548 2798 Londoniarum
1560 2738 1704 2797 Melon,0n

492 2838 640 2925 graviter
672 2835 856 2902 infirmari.⁴
913 2836 988 2917 Qui,
1021 2858 1095 2902 cum
1130 2843 1271 2902 mortem
1305 2834 1369 2901 sibi
1402 2839 1549 2900 cerneret
1560 2804 1715 2934 fflflfflh

493 2940 688 3022 imminere,⁵
710 2940 829 3005 ascivit
860 2940 904 3005 ad
935 2940 1135 3027 colloquium
1169 2963 1266 3005 suum
1293 2938 1548 3006 secretissimum
1560 2940 1606 3019 {ns
1616 2940 1659 3017 th?

494 3045 653 3130 quosdam
684 3043 846 3109 baronum
868 3043 1009 3130 lingbui,
1034 3044 1091 3129 qui
1119 3044 1161 3109 ob
1185 3042 1369 3109 custodiam
1401 3040 1548 3107 civitatis
1560 3014 1699 3126 {ffiff

476 3150 739 3228 ,remanserant3
762 3150 797 3211 et
820 3143 933 3236 quod⁰
963 3169 998 3213 se
1020 3147 1166 3235 angebat
1187 3146 1391 3214 conscientia
1412 3144 1546 3234 propria

495 3252 659 3317 confessus
690 3255 748 3331 est,
780 3251 993 3316 audientibus
1024 3251 1162 3332 cunctis,
1185 3252 1297 3318 dicens
1328 3251 1384 3332 eis,
1416 3249 1549 3315 “Doleo

495 3377 592 3442 super
614 3352 825 3420 imminenti⁷
847 3355 1049 3421 desolatione
1078 3359 1114 3420 ct
1136 3354 1350 3421 subversione
1373 3358 1492 3431 vestra,
1515 3357 1550 3418 et

476 3459 583 3544 ‚quod
597 3459 692 3524 vobis
713 3462 831 3544 parata
852 3458 997 3546 pericula
1012 3464 1047 3524 et
1065 3456 1201 3544 laqueos
1221 3457 1431 3524 absconditos
1454 3457 1549 3544 igno·

495 3561 585 3627 ratis.
631 3562 769 3626 Juravit
800 3583 944 3648 namque
967 3560 1177 3626 Lodouuicus
1200 3567 1235 3627 et
1257 3561 1325 3626 xvi.
1349 3582 1424 3627 cum
1447 3581 1486 3626 eo
1508 3559 1550 3625 de

495 3687 595 3753 regno
627 3665 830 3730 Francorum
865 3663 1000 3730 comites
1034 3668 1069 3729 et
1102 3663 1251 3745 barones,
1273 3664 1372 3752 quod,
1394 3663 1423 3729 si
1445 3663 1551 3730 conti-

463 3828 464 3831 ,
494 3769 581 3854 gerit
604 3791 679 3834 eum
702 3768 860 3856 Angliam
893 3768 957 3833 sibi
989 3767 1165 3855 subjugare
1197 3772 1232 3833 et
1262 3767 1299 3831 in
1329 3790 1439 3856 regem
1461 3790 1551 3832 coro-

495 3873 576 3951 nari,
601 3872 671 3959 ipse
694 3893 807 3937 omnes
829 3871 912 3947 illos,
929 3869 987 3956 qui
1010 3893 1099 3935 nunc
1122 3870 1187 3958 ipsi
1209 3870 1360 3937 militant
1382 3877 1417 3938 et
1439 3893 1550 3959 regem

493 3975 517 4039 J
520 3975 714 4060 [ohannem]
749 3979 1000 4063 persequuntur,
1035 3979 1074 4040 ut
1108 3974 1294 4061 proditores
1328 3975 1455 4041 domini
1486 3976 1549 4056 sui,

495 4083 651 4164 perpetuo
674 4078 869 4164 dampnabit
892 4078 1001 4154 exilio,
1024 4082 1059 4144 et
1082 4100 1179 4142 omne
1201 4101 1306 4166 genus
1328 4102 1441 4147 corum
1465 4078 1551 4145 dele·

494 4180 568 4245 bit⁸
592 4183 632 4246 de
655 4187 750 4247 terra.
797 4181 851 4259 Et,
887 4204 928 4246 ne
960 4181 1022 4247 hoc
1055 4185 1208 4247 vertatur
1240 4183 1274 4246 in
1308 4182 1455 4259 dubium,
1479 4206 1548 4271 ego,

494 4285 552 4370 qui
586 4285 640 4349 hic
672 4285 829 4350 continuo
863 4285 1044 4351 moriturus
1071 4285 1175 4371 jaceo,
1198 4286 1234 4350 in
1256 4287 1400 4373 periculo
1430 4288 1550 4353 animae

496 4411 577 4454 meae
603 4389 697 4453 vobis
721 4389 883 4455 veraciter
912 4388 1049 4467 affirmo,
1071 4411 1124 4454 me
1160 4408 1265 4455 unum
1299 4412 1369 4457 esse
1401 4412 1443 4457 ex
1473 4390 1549 4470 illis,

478 4495 554 4579 ,qui
578 4493 639 4557 hoc
669 4514 743 4557 cum
769 4491 958 4559 Lodouuico
987 4492 1199 4579 juraverunt.
1247 4493 1404 4560 Misereor·
1427 4495 1489 4581 piae
1512 4518 1550 4559 ec

638 4668 651 4672 ..
662 4666 1553 4675 mmm-⁴·-

532 4776 537 4802 ¹
552 4774 581 4821 ln
592 4773 634 4821 llic
642 4772 741 4835 margin
749 4769 770 4819 is
778 4771 865 4820 maun
871 4769 1000 4820 hischield
1078 4773 1088 4801 ³
1101 4771 1234 4837 imniinerc]
1254 4771 1365 4834 iminere,
1377 4773 1433 4824 MS.

498 4855 529 4903 of
536 4869 602 4903 amis
614 4853 739 4913 reversed,
749 4851 804 4911 viz„
815 4851 894 4914 gulos,
905 4866 921 4900 a
932 4865 1000 4901 crosa
1078 4854 1121 4901 ‘et
1142 4851 1218 4917 quod]
1246 4853 1287 4903 On
1311 4869 1343 4903 an
1366 4866 1475 4912 erasure,
1499 4852 1549 4902 and

499 4941 605 4995 patoncc
617 4941 712 4996 argent.
1044 4933 1161 4994 repeated
1173 4932 1199 4980 in
1212 4947 1291 4996 marg.

532 5014 541 5040 '·'
553 5009 689 5075 calculavit]
710 5008 828 5068 exalavit,
840 5009 897 5060 MS.
1077 5013 1084 5038 ²
1098 5011 1244 5076 imminenti]
1264 5009 1390 5070 immenti,
1402 5010 1460 5061 MS.

531 5090 695 5154 Ἰωετσινέτιω]
716 5088 845 5147 extentus,
857 5089 913 5139 MS.
1079 5088 1200 5155 ‘delebiq
1219 5090 1276 5140 The
1293 5091 1342 5141 last
1357 5090 1465 5156 syllable
1481 5090 1548 5143 ison

533 5170 686 5234 ⁴infirmuri]
705 5168 911 5230 immeritis.
1045 5181 1197 5221 anemure.
1233 5169 1263 5219 In
1274 5169 1317 5220 W.
1330 5169 1360 5221 B.
1374 5168 1402 5220 C.
1414 5167 1507 5221 deleret.
