4517 6425
657 1159 722 1221 252
798 1172 962 1223 narrum
986 1173 1199 1226 ranmmssm
1220 1175 1386 1227 moroan.
1407 1176 1608 1229 morosum

488 1346 557 1401 al).
572 1356 643 1404 1222.
654 1351 743 1412 runt.
790 1346 927 1412 Habens
941 1352 1055 1413 autem
1073 1348 1227 1435 laqueum
1242 1349 1329 1416 eirea
1349 1350 1480 1431 collum,
1502 1352 1626 1438 optulit
1648 1374 1726 1440 pro.

654 1448 727 1513 vita
741 1471 802 1514 sua
822 1472 879 1513 xv.
901 1449 995 1515 milia
1015 1472 1143 1517 mareas
1157 1454 1296 1540 argenti.
1340 1452 1406 1519 Sed
1427 1475 1619 1541 responsum
1641 1454 1725 1520 fuit.

654 1552 796 1637 praecise,
820 1553 910 1638 quod
932 1575 1104 1639 nunquam
1129 1553 1303 1643 [amplius]
1322 1554 1330 1592 ¹
1356 1556 1393 1620 in
1415 1556 1556 1622 civitate
1578 1557 1725 1622 domini.

653 1654 740 1740 regis
761 1660 911 1720 moveret
933 1655 1137 1723 seditionem.
1182 1657 1368 1743 Suspensus
1389 1664 1440 1725 est
1454 1659 1560 1747 igitur
1581 1660 1724 1737 statim.

654 1762 689 1821 et
719 1779 794 1822 cum
817 1779 855 1823 eo
877 1757 1014 1844 quidam
1047 1779 1151 1846 nepos
1182 1759 1262 1845 ejus,
1285 1762 1420 1827 nomine
1453 1760 1725 1840 Constantinus„

654 1865 689 1926 et
723 1860 859 1946 quidam
890 1860 984 1937 alius,
1019 1859 1198 1941 Galfridus,
1234 1862 1291 1949 qui
1326 1863 1528 1929 Francorum
1559 1864 1725 1929 edietum.

653 1962 763 2051 palam
789 1966 868 2028 oum
886 1962 1056 2050 praediotis
1079 1965 1288 2031 exclamavit.
1334 1964 1429 2031 Alios
1452 1965 1591 2053 quoque,
1607 1965 1726 2053 hujus.

653 2065 827 2132 seditionis
849 2064 1027 2153 culpabiles
1050 2072 1085 2132 et
1107 2067 1279 2149 notabileS,
1303 2067 1382 2135 fecit
1399 2067 1605 2154 justiciarius
1619 2090 1724 2135 com-.

486 2227 617 2295 Theking
653 2167 814 2258 prehendi
836 2173 871 2234 et
893 2167 1043 2256 graviter
1066 2169 1204 2256 puniri;
1236 2170 1336 2236 multi
1365 2176 1478 2236 tamen
1504 2193 1563 2259 per
1591 2172 1725 2260 fugam.

486 2295 602 2359 appone
653 2277 830 2339 evaserrmt
851 2272 1029 2339 irredituri.
1077 2273 1151 2339 Rex
1166 2294 1255 2349 vero,
1276 2273 1321 2337 ad
1342 2274 1499 2360 majorem
1514 2270 1876 2355 vindictam‚·1,³·W⁰nd·

485 2378 605 2413 neema
650 2390 767 2443 'omnes
789 2374 882 2441 urbis
905 2377 1120 2463 magistratus
1143 2378 1317 2463 deponens,
1341 2398 1444 2442 novos
1466 2378 1669 2465 subrogavit,
1752 2342 1839 2389 ”⁰⁸²¹

485 2428 641 2492 gbuatesin

484 2495 527 2546 the
540 2496 563 2547 ci
594 2534 601 2547 .

565 2503 594 2562 tv
675 2575 858 2643 Danaidis
882 2583 912 2643 et
934 2574 1157 2642 mirabilibus
1185 2576 1434 2662 tempestatibus
1456 2576 1559 2644 illias
1583 2577 1683 2644 maai.
1715 2573 1718 2579 ’

518 2735 606 2786 areb.
698 2724 822 2789 Eodem
854 2746 951 2802 anno,
972 2721 1030 2787 vi⁰.
1054 2724 1131 2788 idus
1155 2724 1338 2804 Februarii,
1362 2724 1476 2791 audita
1510 2731 1589 2791 sunt
1619 2726 1875 2807 toni-Rog.Wenu

486 2825 602 2876 U¹¹¹¹⁸¹¹²¹
654 2825 754 2895 trua⁹
786 2826 958 2903 terribilia,
980 2848 1023 2891 ex
1054 2848 1195 2914 quorum
1226 2826 1394 2892 collisione
1427 2827 1554 2892 fulmen
1584 2829 1704 2906 exiens,
1748 2810 1835 2861 Μ·

483 2892 608 3008 fflffi.
653 2930 821 2997 ecclesiam
836 2930 877 2994 de
893 2927 1063 2994 Graham³
1085 2934 1121 2994 et
1143 2929 1211 2993 alia
1232 2928 1376 2995 aedificia
1397 2935 1433 2995 et
1454 2930 1587 2996 arbores
1608 2931 1723 2996 terri.

483 3034 582 3077 “m
652 3034 767 3099 biliter
800 3032 949 3097 accendit
971 3037 1006 3096 et
1030 3030 1197 3097 contrivit.
1257 3031 1343 3097 Item
1371 3032 1485 3097 eodem
1517 3054 1614 3113 anno,
1649 3033 1722 3100 die.

511 3140 620 3204 “Sept
653 3136 876 3202 Exaltationis
911 3140 1033 3201 sanetae
1068 3134 1192 3211 Crucis,
1222 3156 1281 3221 per
1310 3139 1418 3200 totam
1444 3136 1601 3224 Angliam
1631 3158 1703 3201 mu-

650 3241 784 3329 gierunt
805 3239 969 3305 horrenda
990 3238 1161 3317 tonitrua3
1184 3243 1219 3303 et
1241 3238 1417 3304 subsecuta
1438 3244 1489 3304 est
1513 3240 1702 3327 pluviarum

649 3344 868 3409 immoderata
890 3342 1102 3429 superfluitas
1125 3346 1160 3406 et
1184 3340 1356 3421 durabilia,
1380 3341 1504 3408 scilieet
1533 3345 1721 3430 usquead.

516 3450 603 3501 anob.
650 3446 919 3512 Purificationem
933 3444 1041 3510 beatae
1062 3442 1188 3520 Mariae,
1204 3448 1239 3509 et
1261 3448 1409 3530 segetum
1423 3445 1607 3524 suffocatio,
1621 3447 1722 3512 adeo.

649 3563 689 3621 ut
703 3555 739 3619 in
753 3555 821 3619 fine
836 3553 964 3620 aestatis
986 3573 1116 3616 summa
1130 3551 1291 3616 frumenti
1313 3552 1370 3616 xii
1394 3552 1508 3617 solidis
1531 3560 1566 3620 et
1580 3554 1721 3620 alicubi.

585 3638 588 3644 ¹
649 3680 709 3746 pro
740 3680 808 3723 una
838 3679 949 3722 marea
979 3654 1196 3721 vendebatur.
1253 3653 1446 3741 Eodemque
1476 3677 1572 3734 anno,
1605 3661 1721 3722 nocte.

507 3763 618 3815 ³⁰N0v·
648 3762 757 3827 sancti
781 3761 934 3838 Andreae,
967 3759 1086 3824 audita
1118 3761 1199 3822 suut
1223 3755 1374 3821 tonitrua
1395 3757 1506 3842 qualia
1531 3780 1598 3824 non
1622 3765 1721 3825 sunt·
1739 3764 1871 3842 R3Wend.

648 3865 840 3953 praeaudita,
875 3885 943 3929 nou
973 3866 1107 3926 tantum
1133 3880 1194 3945 per
1219 3862 1328 3923 totam
1343 3858 1500 3945 Angliam
1525 3862 1719 3946 generalia„
1765 3846 1799 3882 ι’·
1812 3837 1853 3883 ⁸³·

647 3969 750 4032 immo
772 3989 831 4054 per
845 3964 1080 4031 remotissimas
1102 3961 1260 4048 regiones,
1276 3982 1351 4025 oum
1373 3961 1618 4027 choruscatione
1632 3985 1718 4028 non.

648 4070 831 4135 successiva
853 4070 911 4133 sed
933 4066 1028 4152 quasi
1051 4087 1108 4151 per
1131 4063 1231 4127 unius
1253 4061 1343 4128 horre
1365 4062 1511 4149 spatium
1534 4065 1718 4131 continua..

649 4170 942 4238 Ooncomitabatur
963 4172 1088 4233 ventus
1111 4164 1321 4242 furibundus,
1338 4184 1412 4229 oum
1435 4164 1624 4230 nimborum
1646 4168 1717 4232 in·.

548 4305 551 4310 ⁴
647 4275 777 4340 fusione
800 4278 833 4339 et
856 4270 1027 4359 grandinis
1053 4267 1201 4333 maxima
1234 4265 1444 4353 lapidatione.
1500 4267 1584 4334 Haec
1615 4274 1716 4335 tem.

647 4383 757 4464 pestaa
790 4375 974 4441 turbariam
1008 4371 1191 4459 palustrem
1223 4369 1413 4455 quandam,⁴
1444 4393 1519 4436 oum
1551 4372 1630 4438 limo
1664 4381 1717 4440 et·

646 4478 788 4568 gurgite,
820 4479 857 4542 in
887 4478 957 4542 ictu
987 4475 1072 4541 oculi
1104 4473 1156 4538 ita
1187 4472 1340 4538 exhausit
1370 4476 1404 4538 et
1429 4476 1868 4559 asportavit,⁶ut·s0t1⁰7b.

647 4581 786 4648 maximi
802 4580 864 4646 laci
888 4578 1010 4644 fundus
1026 4577 1120 4642 velut
1142 4575 1264 4641 siceum
1287 4579 1322 4639 et
1343 4576 1504 4640 mundum
1527 4579 1716 4663 pavimen..

680 4777 816 4843 imprime]
836 4773 956 4838 supplied
970 4772 1035 4820 from
1051 4771 1150 4834 conJec·
1232 4766 1290 4816 *At
1308 4766 1483 4818 Pilardcstune
1493 4768 1650 4837 [Pillerton],
1669 4773 1697 4822 in

645 4865 707 4907 tm·
745 4935 750 4946 ,
1199 4883 1543 4947 praestaremus.

678 4935 821 5001 Uacunae]
841 4933 935 4983 Added
945 4948 971 4982 ru
984 4947 1062 4996 marg.

679 5018 689 5046 ⁸
704 5013 828 5080 Gratum]
848 5013 879 5062 In
891 5012 932 5062 W.
945 5012 975 5062 B.
985 5011 1014 5062 C.
1027 5008 1147 5070 iaadded,
1229 5001 1397 5066 'aspernata
1417 5011 1561 5067 asportaret,
1573 5004 1630 5056 MS.

647 5100 662 5124 ‘¹
671 5095 698 5144 in
711 5093 832 5144 comitatu
843 5091 1006 5144 Linoolniae.”
