4517 6425
726 1191 774 1244 nn
796 1192 957 1243 rnuroun
979 1192 1081 1241 neers
1104 1192 1260 1255 nnuma,
1282 1191 1350 1241 vm.
1372 1191 1498 1242 rnarn.
1568 1176 1635 1242 409

629 1431 768 1500 Tartari
790 1432 983 1499 onesimum
1005 1431 1223 1498 tirannidem
1246 1437 1329 1498 tuac
1353 1440 1580 1499 coercuerant.
1649 1439 1808 1491 A·D·12³8.

628 1568 754 1633 Diebus
785 1568 847 1633 sub
881 1568 930 1633 eis
961 1574 1127 1633 venerunt
1156 1566 1411 1635 sarracenorum
1440 1570 1543 1655 legati
1573 1569 1635 1634 sol·
1649 1581 1810 1647 'rheprinees

582 1671 737 1758 lempnes,
760 1671 921 1736 destinati
952 1671 995 1736 ab
1026 1671 1239 1736 orientalium
1261 1672 1469 1757 primatibus,
1493 1650 1801 1766 soldanispefppetpast

583 1780 617 1839 et
643 1773 893 1839 admirabilibus
919 1773 963 1838 ad
986 1795 1079 1861 reges
1102 1773 1306 1838 Francorum
1328 1779 1363 1838 et
1383 1773 1578 1861 Anglorum,
1602 1779 1636 1838 et
1649 1784 1803 1865 rumosam

583 1876 664 1942 alios
689 1882 861 1963 magnates
887 1875 1102 1941 occidentales
1135 1874 1350 1954 Christianos,
1382 1878 1636 1963 praemunientes
1648 1850 1775 1965 ssssffind’

584 2001 639 2045 eos
661 1979 702 2044 de
722 1979 927 2056 exterminio,
951 1980 1040 2065 quod
1062 1985 1280 2044 exercuerunt
1300 1979 1474 2043 inhumani
1496 1979 1636 2058 Tartari,
1650 1983 1751 2070 'agaimt
1766 1982 1809 2033 the

584 2087 832 2169 prorumpentes
855 2081 896 2147 de
911 2082 1076 2147 Tartareis
1098 2081 1230 2146 sedibus
1253 2082 1321 2146 suis
1343 2081 1473 2146 nativis.
1521 2082 1637 2147 Postu·
1655 2051 1762 2101 lar-urs.

584 2185 698 2249 larunt
734 2184 836 2250 etiam
871 2185 1064 2271 suppliciter
1098 2182 1298 2249 Christianis
1334 2182 1557 2265 confoederari,
1591 2189 1640 2262 ut,

585 2288 713 2353 collatis
734 2288 868 2365 viribus,
900 2287 1039 2373 injurias
1072 2286 1261 2352 eorumdem
1289 2286 1502 2350 Tartarorum
1525 2292 1640 2373 poten-

586 2391 653 2455 tius
675 2390 911 2477 propulsarent

631 2613 757 2680 Rediit
780 2612 902 2681 Simon
924 2612 964 2678 de
988 2612 1206 2698 Merite-forti
1228 2613 1269 2679 de
1292 2614 1395 2681 cuma
1417 2616 1584 2681 Romano.

632 2749 694 2814 Per
717 2749 805 2814 idem
838 2754 969 2835 tempus
999 2748 1100 2813 rediit
1127 2748 1279 2837 S[imon]
1305 2750 1345 2815 de
1369 2750 1575 2816 Monte-forti
1599 2750 1639 2816 de
1653 2764 1740 2815 Simon
1752 2766 1783 2815 de

586 2853 678 2917 curia
711 2852 870 2930 Romana,
909 2855 1045 2937 optento
1077 2851 1237 2916 desiderio
1270 2874 1329 2917 suo
1367 2853 1407 2918 de
1441 2875 1544 2919 uxore
1579 2832 1777 2948 sualgt‘l'llrffffrt

586 2955 676 3018 licite
705 2955 888 3019 retinenda.
943 2954 1116 3038 Jussitque
1149 2954 1301 3018 omnibus
1336 2956 1541 3021 debitoribus
1571 2958 1639 3021 suis
1653 2966 1811 3015 fromssome.

587 3058 705 3131 omnia,
730 3079 803 3142 quse
828 3055 1034 3121 abstulerant
1055 3057 1200 3119 ministri
1225 3057 1295 3142 ejus
1314 3080 1334 3120 a
1354 3059 1456 3143 plebe,
1484 3059 1545 3123 sub
1569 3081 1639 3145 spe-

586 3161 634 3226 cie
655 3160 807 3247 justitiae,
831 3159 962 3225 restitui
987 3165 1022 3225 et
1044 3159 1085 3224 de
1107 3160 1229 3246 injuria
1251 3160 1423 3227 satisfieri¹

732 3364 782 3428 De
805 3369 910 3427 morte
933 3361 1082 3448 episcopi
1109 3362 1356 3429 Wiatoaieosis
1377 3364 1496 3430 Petri.2

631 3498 730 3563 Anno
758 3520 886 3583 quoque
916 3498 978 3562 sub
1006 3499 1129 3577 eodem,
1155 3512 1201 3563 νῦ.
1226 3500 1300 3563 idue
1327 3499 1432 3576 Junii,
1461 3501 1545 3565 obiit
1571 3502 1777 3586 epi-Deathof

586 3622 701 3686 scopus
734 3600 982 3677 Wintoniensis,
1019 3599 1137 3665 Petrus
1176 3602 1216 3664 de
1249 3601 1406 3687 Rupibus
1469 3602 1534 3682 Qui
1565 3625 1638 3667 cum
1651 3584 1813 3704 fffffiffls·

587 3704 752 3770 ecclesiam
779 3703 1043 3767 Wintoniensem
1075 3703 1204 3768 circiter
1239 3703 1345 3768 xxxii.
1379 3705 1475 3768 annis
1504 3710 1638 3771 strenue
1651 3725 1696 3769 ter.

586 3807 732 3885 rexisset,
756 3811 791 3871 et
813 3804 1025 3871 laudabiliter
1045 3805 1343 3890 peregrinationem
1369 3827 1462 3870 suam
1488 3807 1525 3893 in
1540 3806 1758 3872 Terra⁹J11110·

589 3909 711 3976 Sancta
737 3930 902 3974 unacum
928 3907 1108 3972 Exoniensi
1133 3909 1283 3993 episcopo
1302 3908 1487 3996 peregisset,
1502 3878 1639 3976 domos-

586 4034 649 4100 que
672 4013 831 4099 plurimas
845 4011 1075 4097 religiosorum
1095 4010 1269 4097 magnifice
1290 4012 1535 4093 construxisset,
1551 4013 1641 4098 apud

587 4113 777 4192 Femlram,³
805 4113 990 4179 manerium
1014 4134 1119 4191 suum,
1146 4113 1263 4199 plenus
1278 4113 1416 4191 dierum,
1432 4113 1519 4180 facto
1535 4116 1641 4180 nobili

587 4223 795 4294 testamento,
811 4217 898 4281 diem
913 4215 1032 4281 clausit
1047 4221 1242 4281 extremum.
1291 4215 1445 4302 Sepultus
1460 4223 1511 4282 est
1528 4225 1640 4283 autern
1653 4235 1783 4301 Religious

586 4320 622 4383 in
655 4320 788 4385 ecelesia
818 4341 878 4384 sua
907 4318 1142 4398 wintoniensi,
1169 4318 1228 4383 ubi
1256 4319 1365 4400 etiam,
1393 4319 1473 4384 dum
1500 4320 1638 4401 viveret,
1653 4303 1762 4420 {md
1776 4387 1806 4420 or

587 4422 744 4487 humilem
768 4421 869 4509 elegit
892 4422 1103 4508 sepulturam.
1149 4421 1216 4486 Hic
1237 4422 1337 4486 etiam
1363 4423 1514 4508 quaedam
1537 4422 1815 4512 arduaendoweuby

588 4547 765 4611 aggressus,
792 4546 831 4589 ea
855 4523 998 4611 gratiose
1025 4523 1276 4590 consummavit.
1323 4523 1440 4590 Pacem
1464 4525 1553 4590 inter
1582 4548 1639 4612 pa-
1652 4501 1713 4554 hum

587 4649 664 4714 pam
691 4632 726 4691 et
754 4627 984 4713 imperatorem
1012 4627 1175 4692 mediator
1202 4625 1403 4692 reformavit.
1459 4627 1639 4693 Domorum

588 4730 697 4807 etiam,
722 4734 762 4793 ut
791 4733 987 4815 praetactum
1021 4735 1080 4806 est,
1110 4728 1347 4815 religiosorum,
1379 4750 1461 4815 quas
1493 4729 1642 4795 condidit

589 4838 623 4898 et
655 4831 805 4895 conditas
834 4830 1099 4918 possessionibus,
1130 4830 1278 4896 aedificiis
1314 4834 1348 4895 et
1380 4830 1563 4896 redditibus
1592 4833 1643 4896 in-

623 5050 777 5116 erfrque
865 5049 999 5116 sufisfim]
1014 5049 1099 5103 Onon
1178 5049 1390 5113 ²Inthemergin
1402 5051 1646 5107 aoedrawnamitre

589 5144 689 5181 emme
1142 5129 1193 5179 and
1203 5130 1304 5189 crosier,
1315 5130 1438 5180 reversed.

1170 5209 1181 5238 ¹
1197 5207 1337 5276 Fer-adom]
1356 5211 1477 5275 Ferbam,
1487 5211 1545 5266 MS.
