4517 6425
752 1219 799 1266 nr
821 1218 980 1268 rmore
1002 1218 1104 1267 srcrs
1124 1218 1306 1268 rosnuurs.
1511 1206 1554 1270 93
1591 1232 1598 1244 ·

507 1507 669 1575 autnon
690 1508 731 1575 de
753 1509 933 1576 Mirotello
955 1531 1034 1577 cum
1059 1510 1231 1576 Alienoro
1253 1507 1395 1595 repioo¹
1420 1508 1558 1596 capitem·
1569 1524 1638 1578 Ar).
1652 1530 1724 1578 1202.

804 1612 846 1678 ot
868 1612 1024 1680 Arcturo
1046 1620 1076 1679 ei
1097 1613 1253 1680 Frorccis.

487 1808 496 1826 .
554 1758 710 1825 Castrum
732 1759 837 1846 igitur
858 1782 917 1846 per
938 1761 1044 1847 girum
1068 1760 1240 1840 vallantes,
1266 1766 1300 1826 et
1324 1765 1420 1827 nocte
1443 1766 1477 1827 et
1503 1762 1557 1826 die
1570 1766 1692 1832 Theyat-

485 1863 661 1928 .eoerrime
691 1864 847 1928 continue
878 1863 1022 1929 obsessos
1048 1863 1252 1941 infestantes,
1275 1886 1386 1931 muros
1411 1864 1482 1949 jem
1506 1865 1556 1929 in·
1569 1835 1689 1951 ἓξὲξ»

487 1970 666 2052 .ceperunt
689 1965 856 2074 dissippre,
880 1971 916 2031 et
945 1966 1097 2044 obsessos,
1122 1967 1180 2052 qui
1202 1968 1298 2054 pauci
1320 1971 1416 2032 erant
1438 1972 1474 2031 et
1496 1967 1557 2031 im·
1569 1967 1707 2027 merear,

337 2087 471 2140 meu
489 2067 639 2144 ,muniti
668 2073 811 2132 oestrum
841 2067 885 2132 ad
915 2067 1116 2135 deditionem
1146 2070 1381 2156 compulerunt.
1426 2069 1557 2136 Turrim

354 2153 393 2205 ³³³·
407 2160 462 2206 ¹⁶⁸·
508 2191 596 2248 vero,
618 2170 654 2234 in
677 2191 743 2256 que
769 2171 884 2260 regina
905 2170 1091 2258 Assienora]
1116 2194 1191 2237 cum
1213 2172 1325 2259 paucis
1348 2195 1416 2239 sese
1443 2178 1557 2238 contu-

508 2271 602 2350 lerat,
616 2294 685 2338 non
699 2277 854 2359 poterent
878 2274 1033 2360 optinere.
1080 2274 1261 2340 Obsidione
1276 2275 1380 2361 igitur
1393 2277 1430 2340 in
1445 2276 1557 2341 orbem

508 2377 610 2441 turris
640 2376 811 2460 disposite,
834 2381 1000 2441 venerunt
1025 2377 1060 2440 in
1085 2377 1249 2442 auxilium
1275 2378 1416 2443 Arthuri
1446 2400 1558 2444 omnes
1570 2382 1673 2460 endam

508 2476 667 2543 Pictoviae
689 2477 850 2564 primates
872 2483 907 2544 et
930 2477 1116 2557 nobiliores,
1142 2484 1178 2545 et
1203 2480 1365 2567 praeoipue
1387 2503 1494 2546 comes
1517 2482 1557 2546 de
1567 2449 1710 2565 {imi}

508 2578 664 2657 Marchie,
695 2579 797 2666 Hugo
829 2580 973 2660 Brunus,
1004 2581 1061 2666 qui
1094 2582 1165 2667 regi
1191 2582 1376 2668 Anglorum
1407 2584 1557 2671 publicus
1569 2583 1600 2631 of
1608 2582 1707 2633 Poitou

505 2682 616 2748 fueret
637 2681 790 2748 inimicus
813 2688 949 2769 propter
971 2683 1161 2748 Ysebellam
1183 2684 1339 2769 reginam,
1355 2708 1454 2771 quarn
1469 2687 1557 2752 idem

451 2816 454 2822 ·
508 2807 614 2851 comes
638 2807 696 2873 per
717 2785 819 2850 verbe
846 2785 886 2850 de
912 2785 1071 2872 praesenti
1093 2786 1128 2849 in
1153 2807 1247 2851 suam
1270 2793 1444 2874 receperat,
1467 2795 1557 2854 ante-

509 2908 609 2975 quam
630 2887 701 2974 regi
722 2886 908 2973 Anglorum
932 2887 1205 2974 desponsaretur3
1228 2895 1263 2954 et
1284 2890 1330 2954 sio
1344 2892 1500 2977 grandem
1524 2901 1558 2958 et

509 2991 629 3058 fortem
652 2993 835 3058 exercitum
857 2991 1076 3058 confecerunt
1119 2991 1192 3058 Nec
1222 3001 1391 3060 cessarunt
1416 2997 1559 3062 insultus

508 3095 681 3160 acerrimos
715 3095 917 3176 continuare,
950 3096 1053 3160 donec
1083 3095 1225 3162 victoris
1255 3097 1441 3165 desiderata
1473 3099 1557 3186 poti-

507 3201 630 3265 rentur.

523 3445 574 3511 De
595 3443 814 3512 admirando
837 3443 1093 3612 victoriaberleyis
1107 3443 1285 3512 Jotoreuis
1306 3445 1403 3532 opud
1425 3446 1535 3513 Miro

1004 3547 1016 3611 t
1030 3568 1099 3613 um.

336 3720 499 3803 mma,
556 3699 686 3786 Regina
709 3697 847 3763 veroin
869 3702 959 3762 arcto
982 3697 1101 3783 posits,
1125 3697 1168 3762 ad
1191 3719 1301 3784 regem
1323 3700 1469 3777 nuncios,
1500 3699 1558 3785 qui
1570 3699 1657 3779 Qneen

362 3791 402 3842 ἡ
416 3797 472 3843 ¹⁶⁸·
510 3808 592 3869 tuno
614 3800 772 3888 temporis
794 3800 830 3864 in
846 3798 1053 3864 Normannia
1075 3805 1155 3880 erat,
1171 3800 1233 3865 sub
1252 3822 1371 3887 magna
1391 3803 1557 3869 celeritate
1570 3768 1682 3884 iiiiii,

510 3906 643 3986 duexit,
657 3924 777 3991 rogans
792 3901 966 3968 obnixius⁹
981 3908 1015 3967 et
1031 3902 1209 3981 obtestans,
1225 3906 1263 3966 ut
1286 3904 1421 3989 pietatis
1436 3901 1692 3979 debitueJP¹111s0r

337 4032 499 4098 Qum
511 4013 650 4096 optentu
676 4006 777 4072 matri
807 4010 1009 4070 succurreret
1039 4005 1202 4070 desolatae.
1250 4004 1322 4087 Quo
1352 4007 1475 4086 audito,
1499 4031 1558 4074 rex
1569 3969 1619 4017 un

361 4099 401 4151 iit
416 4105 471 4153 ¹⁶⁹·
510 4133 585 4178 cum
605 4109 817 4176 festinatione
848 4107 885 4171 in
916 4128 1018 4172 manu
1048 4107 1179 4193 potenti
1208 4107 1261 4173 die
1282 4112 1446 4194 noctuque
1467 4110 1557 4175 festi-

509 4237 602 4293 nans,
627 4214 724 4280 citius
747 4234 846 4299 quem
869 4210 958 4275 credi
980 4214 1089 4296 posset
1112 4210 1155 4274 ed
1179 4209 1390 4276 Mirabellum
1413 4217 1557 4277 castrum

508 4319 669 4406 pervenit
713 4314 814 4396 Quod
844 4334 918 4378 cum
952 4311 1165 4399 Frenoigense
1195 4335 1269 4377 cum
1308 4312 1558 4381 Pistorensibus

510 4415 764 4508 cognovissent,³
780 4416 934 4482 exierunt
949 4414 1081 4478 obviam
1104 4415 1184 4501 regi,
1206 4437 1361 4502 pomposo
1384 4438 1557 4504 congressu

508 4546 582 4590 cum
605 4523 677 4610 ipso
699 4518 889 4609 pugnaturi.
934 4517 1001 4583 Sed
1024 4538 1106 4595 cum,
1131 4517 1299 4603 dispositis
1324 4520 1464 4597 aciebus,
1480 4520 1642 4601 hinoJ0h11,
1651 4524 1724 4589 gaius

508 4626 586 4692 inde
608 4624 857 4702 concurrissent,
879 4642 940 4687 rex
969 4619 1118 4706 superbis
1145 4642 1256 4685 eorum
1287 4622 1458 4687 conatibus
1479 4591 1715 4686 viri-thevlctory

508 4728 585 4794 liter
603 4728 767 4807 resistens,
783 4746 895 4793 omnes
918 4724 955 4787 in
977 4723 1090 4809 fugam
1113 4722 1241 4809 coegit3
1261 4727 1295 4787 et
1318 4728 1386 4787 tem
1410 4725 1558 4789 celeriter

545 4968 617 5016 ¹crorr
638 4964 758 5015 Alieuora
775 4962 874 5028 sepina]
902 4962 937 5012 So
955 4961 1009 5011 also
1089 4956 1237 5022 ’obuium
1256 4958 1388 5018 obnoxius,
1399 4958 1457 5011 ΜΒ.

509 5046 537 5097 in
547 5046 646 5113 margin
657 5047 687 5095 of
700 5043 852 5105 C.,snd1·*.‚
868 5043 914 5091 bnt
924 5055 940 5091 s
950 5040 1010 5091 urie-
1089 5037 1274 5102 ’coqmoirsem
1292 5037 1304 5102 ]
1353 5038 1558 5102 congnovissent,

510 5125 764 5190 uke,asprovedby
776 5121 921 5185 theseqnel.
1057 5118 1114 5169 MS.
