4517 6425
657 1198 700 1263 54
790 1212 956 1263 ulmum
978 1212 1192 1266 ramsmusrs
1213 1211 1375 1265 meream
1396 1210 1596 1264 suenorum

490 1390 736 1450 amoenante
758 1390 899 1451 mortem
924 1391 1112 1452 mereretur.
1161 1384 1265 1472 Cujus
1291 1407 1409 1474 corpus
1435 1386 1495 1450 diu
1520 1386 1629 1473 jacuit
1658 1385 1878 1467 indicavere

491 1490 620 1569 Asterhip
658 1488 841 1568 humatum,
879 1487 982 1554 donec
1015 1487 1256 1554 detestabiliter
1290 1488 1458 1555 vermibus
1489 1489 1639 1568 scateret,
1669 1512 1708 1555 eo
1753 1469 1790 1519 iii.
1802 1474 1843 1520 ⁸⁹·

490 1559 625 1689 wlff
659 1590 747 1677 quod
779 1591 868 1655 filius
901 1590 972 1676 ejus
1002 1590 1163 1656 mandata
1193 1592 1299 1677 patris
1331 1592 1485 1658 merituri
1508 1592 1629 1680 exequi
1652 1592 1707 1659 de·

491 1692 641 1771 enumera
659 1693 867 1780 dignabatur.

490 1757 552 1823 long
563 1767 630 1810 time.

763 1897 958 1983 Imperator
979 1895 1155 1963 Heoricue
1176 1899 1287 1963 terrae
1308 1917 1390 1963 auca
1411 1897 1609 1984 ampliavit.

491 2046 639 2111 Theempe-
704 2034 890 2121 Imperator
922 2032 1087 2099 Hemicus
1116 2031 1280 2098 thesauris
1303 2031 1472 2120 ampliatis
1494 2034 1726 2114 instauratus„
1745 2043 1876 2096 lttVend.

466 2114 631 2230 {pappa
657 2135 724 2201 illis
751 2135 867 2200 diebus
888 2135 1081 2223 subjugavit
1103 2157 1243 2223 regnum
1265 2135 1399 2223 Apuliae
1425 2135 1548 2202 sibiet
1578 2136 1708 2215 Sicilire,
1761 2112 1798 2163 iii.
1811 2118 1851 2165 ⁸⁹·

490 2247 645 2329 applicem
658 2242 787 2304 mortuo
809 2237 985 2316 Tancredo,
1001 2238 1058 2324 qui
1082 2238 1249 2304 Willelmo
1264 2238 1335 2325 regi
1357 2238 1481 2324 injuste
1503 2246 1708 2306 successerat.

491 2314 580 2379 ΜΨ·
657 2342 811 2407 Duxerat
826 2341 914 2407 enim
937 2341 975 2406 in
988 2362 1127 2407 uxerem
1150 2363 1294 2407 sororem
1310 2340 1479 2422 willelmi,
1502 2343 1556 2409 cui
1570 2365 1708 2430 regnum

657 2444 750 2524 illud,
773 2448 904 2509 mortuo
926 2442 1039 2521 fratre,
1058 2442 1184 2529 justius
1207 2444 1397 2510 debebatur.

699 2672 751 2737 De
773 2669 936 2737 amputa
957 2669 1110 2737 educatu
1128 2690 1350 2757 paporwrum
1370 2668 1415 2735 ia
1436 2668 1662 2757 Hispaniam
1717 2728 1722 2739 .

488 2810 647 2888 Invesionor
701 2800 797 2867 Circa
828 2799 897 2865 dies
929 2798 1003 2864 illos
1037 2820 1098 2863 rex
1123 2800 1165 2864 de
1197 2798 1349 2863 Marreeh
1375 2819 1449 2864 eum
1471 2800 1594 2887 regulis
1627 2822 1706 2865 xxx.
1720 2804 1876 2889 quWend.

488 2878 631 2995 {hl'fflolg’m
655 2907 689 2969 ct
711 2900 947 2968 innumerabili
970 2922 1174 2987 paganorum
1206 2900 1362 2981 exercitu,
1394 2900 1431 2965 in
1455 2922 1519 2987 que
1542 2902 1707 2969 sexdecies
1752 2880 1840 2926 ¹¹¹'⁸⁹'

654 3008 786 3072 centum
809 3004 902 3069 milia
923 3024 1125 3091 paganorum
1147 3002 1248 3068 fuisse
1270 3003 1494 3091 perhibentur,
1520 3025 1562 3070 ex
1584 3004 1707 3071 Affrica

654 3128 878 3196 prorumpens,
911 3106 947 3170 in
978 3106 1189 3193 Hyspaniam
1211 3106 1381 3194 applicuit,
1411 3109 1598 3193 terramque
1620 3109 1707 3197 regis

655 3209 790 3277 Petith¹
826 3208 1010 3297 Hispaniae,
1043 3209 1190 3296 aliasque
1220 3208 1404 3297 provincias
1435 3204 1704 3294 exterminantes,

655 3314 790 3380 tandem
813 3312 990 3378 audierunt
1014 3314 1103 3399 qued
1130 3313 1303 3400 proposuit
1325 3335 1419 3401 papa,
1435 3320 1615 3381 convocato
1630 3337 1724 3381 com.

655 3418 737 3493 cilio,
770 3414 957 3503 generalem
991 3413 1308 3502 crucesignationem
1337 3415 1562 3482 constituere⁹
1591 3422 1724 3484 contra.

654 3543 717 3599 cos,
741 3520 792 3584 cui
815 3517 978 3583 exercitui
1000 3539 1140 3605 praeesse
1167 3518 1329 3584 debuerat
1359 3541 1420 3585 rex
1442 3520 1626 3608 Anglerum
1649 3521 1725 3586 ai..

654 3622 768 3688 cardus
791 3620 1030 3707 magnanimus,
1054 3619 1147 3707 cujus
1169 3620 1259 3685 fama
1288 3620 1359 3706 jam
1389 3625 1500 3687 totum
1522 3623 1724 3709 repleverat.

654 3726 822 3801 orientem,
845 3728 879 3788 et
903 3721 1004 3788 etiam
1026 3723 1151 3789 multos
1174 3729 1340 3789 terruerat
1362 3723 1558 3802 Affrieanos,
1586 3724 1725 3811 quibus.

654 3832 734 3893 nota
759 3824 826 3889 fuit
848 3828 883 3889 et
906 3824 1119 3890 incar-ceratio
1144 3829 1179 3890 et
1201 3825 1405 3906 deliberatie,
1440 3830 1475 3891 et
1497 3827 1723 3911 quodetiam

653 3950 763 4016 regem
800 3930 913 4012 postea
950 3925 1152 3991 Francorum
1190 3932 1339 4013 coegerat
1368 3926 1512 3992 retroire.
1583 3926 1723 3995 Omnes,

655 4031 758 4118 igitur
780 4027 940 4094 increduli
964 4027 1007 4092 ad
1030 4027 1164 4115 propria
1186 4033 1266 4094 sunt
1288 4027 1432 4115 regressi.

677 4241 860 4320 Habemus,
886 4236 1153 4309 Ocutuoetcoea’s
1176 4237 1454 4331 cr·cbiopa'scopus,
1481 4246 1527 4307 cet
1549 4239 1677 4330 topatus

1070 4340 1282 4411 mutilatus.
1604 4366 1607 4371 ’

486 4501 592 4559 Hubert,
700 4478 762 4545 Per
784 4479 871 4544 idem
893 4483 1025 4566 tempus
1054 4501 1140 4568 papa
1165 4477 1352 4548 Oelestinus
1373 4480 1551 4549 constituit
1574 4480 1705 4549 Huber-

486 4567 642 4702 ffifssffl
655 4587 737 4660 tum,
785 4577 1056 4647 Oantuariensem
1095 4581 1384 4671 archiepiscopum,
1423 4577 1529 4650 tetius
1573 4584 1725 4673 Angliae.

688 4782 695 4812 ¹
707 4779 803 4845 Petite]
818 4778 895 4841 Petit,
904 4779 956 4840 W„
965 4781 1014 4829 and
1026 4797 1054 4830 so
1068 4780 1156 4847 Cogg„
1202 4780 1311 4832 referred
1323 4787 1349 4831 te
1358 4780 1380 4830 is
1392 4779 1594 4842 Alfonsovlll„
1607 4782 1638 4832 of
1644 4781 1704 4833 Cas·

654 4877 677 4925 p.
698 4863 749 4921 753
773 4858 834 4908 dicti
855 4859 929 4920 Pecu,
946 4858 978 4908 B.
998 4856 1026 4911 O.
1064 4860 1096 4910 In
1117 4860 1157 4921 E„
1202 4860 1264 4919 tilla,
1276 4860 1357 4912 called
1369 4861 1443 4921 Petit,
1454 4876 1488 4911 en
1503 4868 1612 4912 account
1622 4861 1653 4910 os
1665 4861 1705 4912 hls

655 4939 729 5000 Petit,
753 4937 885 5004 Hirponioe
907 4939 978 5004 regie.
1013 4939 1070 4989 The
1092 4940 1156 4990 Edd.
1201 4941 1278 5007 being
1288 4942 1350 5008 only
1361 4941 1430 4992 three
1442 4955 1518 5007 years
1535 4941 1577 4991 old
1588 4941 1661 4990 when
1672 4941 1705 4993 he

654 5020 714 5069 read
724 5017 795 5067 dicar
808 5027 903 5084 petens,
915 5020 964 5069 and
976 5018 1003 5068 in
1015 5020 1053 5069 ed
1063 5020 1155 5071 Wend.
1205 5022 1307 5072 became
1318 5020 1388 5087 king.

654 5098 698 5148 ²¹¹0
713 5098 762 5150 1⁸⁸¹
773 5099 843 5148 Wd
859 5097 882 5149 1⁸
893 5098 1045 5163 lmPfflle
1055 5097 1157 5162 printed
1235 5115 1245 5144 ²
1256 5113 1413 5181 constituere]
1433 5118 1570 5174 constuere,
1579 5110 1637 5164 MS.

650 5180 722 5244 petit,
733 5193 761 5229 as
780 5177 910 5229 ifeverb.
947 5178 1004 5229 Tne
1023 5177 1156 5245 sovereign
