4517 6425
418 1356 488 1408 hl).
503 1360 575 1408 1226.

419 2383 526 2435 (hiuucil

419 2452 478 2500 held
489 2460 515 2501 at

418 2517 568 2567 Westmius·

419 2593 466 2644 ter,
477 2585 504 2633 in

419 2650 504 2700 which
516 2650 558 2700 the

419 2718 505 2781 popc’s
516 2720 561 2767 let-

419 2792 470 2834 tm
481 2800 522 2834 are

419 2852 486 2910 read,
498 2866 558 2900 con·

420 2918 526 2982 cerniug

419 2985 551 3036 beneficos.

588 1161 652 1225 284
723 1174 890 1224 urinum
914 1173 1127 1224 rns1s1uusis
1151 1171 1315 1223 ursronu
1336 1171 1538 1223 anononuu.

585 1350 798 1435 pervenisset,
814 1358 978 1414 venerunt
1001 1346 1044 1412 ad
1070 1368 1155 1425 eum,
1179 1347 1389 1434 S[tephauo],
1405 1346 1638 1414 cantuariensi

585 1451 837 1538 archiepiscopo,
860 1454 1063 1537 procurante,
1078 1448 1185 1515 literae
1201 1449 1327 1514 domini
1349 1472 1451 1536 papae,
1467 1451 1504 1514 in
1518 1450 1638 1536 quibus

587 1554 822 1620 continebatur
844 1574 1045 1639 expressum,
1068 1556 1108 1616 ut
1123 1552 1249 1630 statim,
1266 1552 1347 1616 visis
1369 1551 1483 1632 literis,
1500 1552 1637 1618 Romam

586 1657 716 1734 rediret,
731 1656 801 1742 ejus
823 1661 987 1743 potestate
1010 1655 1144 1739 penitus
1166 1659 1331 1720 enervata
1366 1653 1502 1720 Talibus
1517 1652 1637 1742 igitur¹

586 1759 692 1824 literis
718 1758 884 1844 inspectis,
911 1757 1052 1821 demisso
1077 1755 1175 1821 vultu
1201 1779 1256 1821 eas
1281 1756 1420 1842 projecit
1456 1758 1638 1845 inignem,

586 1869 686 1946 atque
709 1860 792 1937 ilico,
816 1859 984 1946 proposito
1014 1863 1156 1935 mutato,
1179 1858 1222 1923 ab
1248 1858 1370 1945 Anglia
1399 1860 1532 1925 recessit
1562 1881 1639 1925 cou-

586 1965 740 2030 tristatus
754 1961 784 2043 ;²
817 1962 966 2048 injuncto
1001 1960 1181 2047 Stephano,
1217 1959 1449 2028 Cantuariensi
1479 1962 1660 2049 archiepi-·

586 2088 691 2154 scopo,
708 2066 795 2131 siout
811 2070 882 2130 erat
904 2064 941 2128 in
963 2063 1069 2128 literis
1091 2063 1217 2128 domiui
1243 2086 1337 2150 papie
1364 2086 1562 2152 expressum,
1591 2071 1638 2141 ut,
1721 2072 1724 2080 '

587 2168 773 2234 convocatis
795 2188 873 2253 rego
894 2171 929 2230 et
952 2166 1106 2230 omnibus
1122 2166 1254 2251 Angliae
1277 2166 1432 2252 praelatis,
1448 2189 1639 2253 responsum

587 2293 700 2337 eorum
723 2290 821 2356 super
843 2268 987 2355 negotio,
1003 2290 1063 2354 pro
1079 2289 1144 2353 quo
1160 2267 1249 2333 idem
1267 2268 1373 2334 Ottho
1389 2270 1508 2334 missus
1523 2270 1639 2348 fuerat,

589 2373 721 2438 domino
744 2394 838 2458 papae
861 2370 1088 2436 transmittere
1104 2392 1171 2434 non
1187 2370 1331 2435 omittat.
1362 2371 1522 2457 Magistro
1537 2373 1640 2458 igitur

589 2475 736 2542 Otthonc
775 2474 958 2550 recedente,
999 2472 1197 2559 Stephanus
1242 2473 1489 2538 Cantuariensis
1535 2475 1641 2539 aichi-

588 2578 764 2665 episcopus,
788 2576 977 2641 convocatis
1004 2575 1047 2639 ad
1069 2576 1243 2639 concilium
1269 2575 1397 2641 cunctis
1419 2576 1507 2662 apud
1531 2576 1641 2642 West-

588 2681 833 2759 monasterium,
857 2676 962 2764 quos³
993 2678 1165 2762 negotium
1199 2678 1368 2764 tangebat,
1399 2679 1530 2743 recitari
1563 2680 1642 2745 fecit

588 2783 702 2847 literas
717 2781 955 2868 suprascriptas
977 2781 1017 2845 do
1040 2780 1207 2845 beneficiis
1224 2780 1382 2845 Romauae
1408 2781 1550 2847 ecclesiae
1565 2804 1641 2847 con-

587 2885 731 2951 ferendis
760 2905 869 2948 coram
900 2905 975 2969 roge
1001 2882 1228 2968 praelntisque⁴
1250 2882 1389 2969 Angliae,
1422 2883 1478 2969 qui
1505 2884 1548 2949 ad
1571 2884 1641 2969 ejus
1684 2874 1687 2879 ⁵

589 2988 795 3053 vocationem
829 2986 923 3072 plene
954 2989 1192 3050 convenerant.
1242 2985 1317 3066 Sed,
1348 2985 1415 3050 illis
1446 2986 1571 3051 auditis
1602 3010 1639 3053 ac
1652 3005 1810 3068 nogWend.

589 3090 766 3176 diligenter
788 3087 974 3166 intellectis,
998 3086 1120 3173 singuli
1147 3086 1293 3172 singulos
1316 3089 1494 3165 intuentes,
1517 3089 1558 3153 de
1582 3111 1659 3153 no-·
1676 3073 1710 3122 iv.
1726 3078 1780 3124 ¹²⁴·

589 3194 693 3259 vitite
709 3190 991 3278 quamplurimum
1013 3187 1272 3256 admirabantur.
1309 3190 1382 3256 Rex
1396 3190 1509 3277 igitur,
1525 3192 1661 3258 habito·

588 3317 685 3382 super
721 3295 783 3359 hoc
820 3293 955 3358 consilio
992 3292 1157 3379 diligenti,
1185 3292 1278 3357 tum⁵
1309 3300 1502 3382 magnatum
1540 3318 1659 3382 quain.

588 3399 807 3488 pnslatorum,
821 3417 1029 3483 nequaquam
1052 3395 1240 3461 consensit.⁰

966 3671 1154 3759 Responsio
1180 3673 1275 3759 repis.

633 3820 726 3885 Tunc
748 3842 816 3897 rex,
840 3820 1029 3884 convocatis
1063 3841 1208 3885 seorsum
1235 3820 1382 3907 praelatis
1404 3842 1479 3886 cum
1505 3822 1640 3909 quibus·
1652 3843 1812 3909 pogicam.

590 3922 665 3986 dam
699 3921 920 4007 magnatibus,
954 3919 1015 3986 hoc
1044 3921 1286 4009 archiepiscopo
1317 3923 1410 3988 dedit
1441 3946 1639 4010 responsum,
1679 3912 1715 3961 ⁵¹·
1729 3917 1783 3965 ¹²⁴·

590 4032 606 4057 “
622 4023 701 4099 Ista,
726 4045 799 4108 quie
822 4025 939 4088 suadet
961 4024 1056 4088 nobis
1079 4047 1172 4111 papa,
1196 4026 1361 4090 universio
1377 4025 1642 4092 Christianitatis

511 4137 514 4143 “
591 4124 804 4191 latitudinem
828 4125 1027 4211 respiciunt;
1056 4132 1090 4191 et
1106 4127 1262 4213 quoniam
1288 4148 1348 4191 nos
1372 4129 1467 4215 quasi
1482 4128 1519 4194 in
1535 4135 1643 4195 extre·

622 4400 749 4451 'Talibus
766 4401 854 4467 iqitur]
883 4401 968 4452 Ouuu
981 4418 1089 4453 erasure.
1140 4404 1197 4453 four
1209 4403 1272 4454 lines
1290 4404 1321 4453 of
1333 4405 1376 4455 the
1388 4404 1498 4470 original
1511 4412 1573 4467 text,
1585 4423 1642 4456 now

587 4481 619 4531 Iu
631 4481 673 4531 W.
686 4481 717 4531 B.
729 4480 768 4540 0.,
782 4479 886 4543 obliquo
899 4482 972 4545 igilur
982 4481 1056 4532 oculo.
1139 4483 1256 4547 partially
1269 4484 1366 4544 erased,
1378 4485 1426 4534 but
1445 4485 1559 4549 reading.
1571 4501 1598 4535 aa
1615 4487 1642 4535 in

621 4560 812 4626 ²contrislatus]
831 4560 920 4624 Psrtly
938 4576 971 4610 on
983 4576 1090 4620 erasure,
1138 4562 1180 4613 W.
1187 4562 1217 4612 B.
1229 4562 1266 4620 0.,
1277 4560 1367 4627 singuli
1389 4562 1498 4629 sinqulos
1512 4564 1547 4613 ad
1566 4565 1643 4614 risum

588 4641 639 4690 and
660 4639 799 4706 originally
816 4639 943 4704 consuas,
962 4655 990 4689 us
1008 4640 1035 4689 iu
1047 4640 1090 4691 W.
1139 4641 1644 4708 movebuntsuperconcupiscentiallmau·

587 4720 619 4771 B.
632 4720 662 4772 C.
1139 4739 1230 4781 norum,
1247 4723 1290 4786 qui
1311 4720 1372 4772 illud
1384 4721 1473 4773 morale
1491 4740 1538 4772 non
1556 4722 1644 4775 inlelli-

621 4800 714 4864 ιφιοε]
734 4799 775 4850 On
786 4815 819 4850 an
830 4814 937 4850 erasure,
1136 4809 1204 4866 punt,
1215 4800 1334 4851 videlicet:

621 4881 700 4946 ΝΜ]
720 4880 867 4930 interlined.
1172 4886 1187 4909 ‘⁶
1202 4879 1275 4940 Quod
1277 4882 1349 4945 jacit
1356 4881 1434 4930 virtus
1454 4881 1546 4947 [virtus
1557 4883 1644 4949 reddit,

620 4959 703 5023 ‘iuml
723 4967 785 5017 tum,
797 4959 853 5010 ils.
1231 4960 1645 5026 B.C.],noncopia‚sufficienlem,

621 5036 732 5103 'singuli
742 5073 749 5088 .
761 5074 768 5088 .
781 5075 787 5088 .
801 5075 807 5089 .
819 5038 955 5103 consensit]
976 5037 1091 5087 Writlen
1198 5038 1237 5090 Et
1258 5057 1305 5089 non
1323 5048 1469 5106 paupertas,
1491 5039 1535 5091 ced
1560 5043 1646 5093 merlis

588 5134 649 5169 oua
671 5118 741 5182 picco
761 5118 792 5167 cf
805 5117 899 5168 vellum
922 5118 1012 5183 posted
1029 5132 1091 5168 orer
1233 5118 1322 5180 hiatus,
1335 5119 1462 5184 operirem?
