4517 6425
665 1225 714 1279 na
735 1225 894 1276 rnunoaa
916 1223 1017 1275 nac1s
1039 1222 1196 1288 niumm,
1219 1222 1287 1273 vm
1310 1137 1434 1271 dnnrn.
1504 1207 1568 1272 389

360 1400 500 1455 f⁰l·12⁵2·
522 1400 622 1467 nimis
645 1424 667 1467 a
688 1401 824 1468 tramite
847 1401 999 1468 veritatis
1029 1404 1064 1466 et
1090 1400 1235 1485 justitiae
1259 1400 1404 1487 corrupti
1426 1401 1569 1466 muneri-
1582 1406 1650 1462 al).
1665 1413 1736 1461 1236.

520 1506 584 1571 bus
610 1502 861 1571 exorbitarunt.l
910 1504 1030 1570 Iccirco
1060 1503 1229 1569 uberiores
1251 1505 1288 1568 in
1314 1504 1512 1570 tenementis
1535 1508 1569 1569 et

518 1630 639 1696 genere
668 1608 845 1674 nobiliores
877 1606 957 1673 locis
989 1606 1180 1673 eorumdem
1202 1628 1263 1671 rex
1284 1607 1432 1673 decrevit
1454 1607 1568 1672 subro-

518 1711 600 1798 gari,
634 1711 693 1797 qui
729 1731 797 1776 non
835 1713 970 1797 agerent
1006 1708 1201 1775 muneribus
1239 1709 1451 1790 adulterinis;
1489 1710 1568 1776 fecit

518 1814 620 1886 ctiam
642 1834 697 1879 eos
715 1812 837 1898 jurare,
858 1834 901 1877 ne
923 1808 1107 1899 reciperent
1129 1834 1267 1878 munera
1289 1812 1409 1898 aliqua,
1433 1817 1568 1899 praeter-

518 1937 617 2001 quam
651 1916 688 1980 in
720 1915 899 1981 esculentis
933 1920 969 1980 et
1002 1914 1198 2001 poculentis,
1231 1919 1266 1980 ct
1297 1914 1359 1981 hcc
1390 1915 1567 1981 moderate.

519 2017 587 2108 Sed
603 2017 657 2083 hic
676 2019 767 2104 rigor
789 2021 824 2083 et
841 2018 1069 2104 juramentum
1092 2016 1158 2082 cito
1181 2018 1328 2097 evanuit,
1352 2018 1441 2084 unde
1463 2018 1568 2085 domi-

518 2142 582 2185 nus
599 2143 659 2186 rex
675 2120 790 2198 doluit,
814 2121 882 2205 qui,
896 2121 952 2208 pia
967 2121 1088 2185 ductus
1110 2120 1309 2199 intentione,
1333 2142 1372 2185 ea
1394 2143 1468 2207 quae
1482 2122 1569 2187 vicc-

519 2224 655 2289 comites
680 2224 875 2309 gravamina
900 2222 1100 2309 irrogarunt,
1126 2223 1243 2288 tollere
1270 2221 1428 2289 sitiebat.8
1474 2223 1569 2291 Facti

519 2331 599 2392 sunt
624 2324 729 2411 igitur
757 2324 843 2390 sicut
865 2346 986 2391 muscae
1016 2323 1207 2404 esurientes,
1237 2324 1363 2391 abactis
1393 2323 1566 2412 prioribus,

520 2451 601 2517 quas
622 2428 764 2493 vulnera
787 2432 926 2494 cruenta
947 2430 1189 2494 saturaverant.

802 2668 854 2735 Dc
875 2666 1019 2735 cucata
1040 2665 1129 2753 repis
1151 2664 1279 2733 Scoctae.

566 2823 606 2887 In
630 2822 744 2888 eodem
766 2818 927 2905 colloquio
946 2839 1007 2884 rex
1024 2817 1145 2884 Scociae
1167 2817 1245 2883 illuc
1265 2817 1459 2904 sollempnes
1480 2840 1565 2883 nun-
1577 2836 1723 2903 Righude·

519 2926 586 2991 cios
608 2923 796 3001 destinavit,
813 2924 871 3010 qui
892 2922 1055 2987 instanter
1071 2921 1159 3007 jura,
1179 2942 1252 3007 quae
1275 2920 1447 2986 dominum
1468 2943 1563 2986 suum
1577 2906 1740 3023 midaii

519 3030 643 3094 dictum
672 3048 782 3114 regem
812 3023 1057 3111 contingebant,
1080 3027 1283 3111 exegerunt3
1312 3023 1353 3088 de
1383 3023 1501 3109 quibus
1531 3046 1565 3089 se
1577 3039 1726 3101 gersorthe

518 3131 639 3196 habore
669 3135 795 3195 cartam
824 3133 860 3194 et
894 3127 1075 3191 multorum
1110 3130 1306 3215 magnatum
1337 3126 1563 3191 testimonium
1576 3105 1683 3225 ξοζῇοἰ

517 3233 716 3300 asserebant.
764 3231 867 3317 Cujus
889 3229 1016 3316 negotii
1039 3228 1195 3296 diffinitio
1218 3234 1300 3295 tunc
1321 3228 1419 3316 cepit,
1434 3234 1570 3316 petente

520 3357 595 3423 rege
618 3333 759 3421 Angliae,
782 3332 984 3399 dilationem.

804 3540 894 3606 Item
915 3539 955 3605 dc
977 3536 1091 3605 codem
1112 3537 1284 3625 colloquio.

565 3692 689 3757 Eodem
714 3714 842 3778 quoque
864 3697 1020 3779 tempore,
1034 3697 1112 3757 ante
1136 3690 1283 3777 ejusdem
1305 3687 1460 3775 colloquii
1481 3689 1692 3753 solu-naara

520 3795 655 3873 tionem,
679 3816 739 3858 rex
762 3792 899 3858 dolens³
925 3793 1013 3879 quod
1043 3814 1111 3858 non
1133 3793 1245 3880 potuit
1268 3791 1447 3857 Ricardum
1468 3791 1566 3857 comi·
1580 3763 1709 3881 ξὲᾗῖζὲ

520 3903 597 3977 tem,
629 3897 764 3961 fratrem
802 3916 908 3973 suum,
941 3916 1014 3960 cum
1054 3894 1197 3959 Ricardo
1234 3894 1341 3960 Suard
1374 3894 1567 3959 concordem

469 4014 472 4022 ’
519 4000 631 4078 facere,
666 3998 744 4063 licet
777 3998 864 4062 idem
898 3997 1058 4062 Ricardus
1091 3997 1234 4061 multum
1266 4018 1301 4061 se
1331 3996 1566 4077 humiliaverit,

519 4103 628 4190 ipsum
659 4100 868 4186 R[icardum]
900 4098 1008 4164 Suard
1031 4118 1175 4202 arogno
1205 4097 1375 4186 relegavit,
1398 4099 1508 4165 dicens
1531 4122 1565 4165 se

519 4203 616 4268 malle
638 4203 803 4268 incurrere
825 4223 918 4267 suam
948 4223 1047 4287 quam
1077 4200 1192 4266 fratris
1221 4201 1273 4266 sui
1291 4199 1564 4289 indignationem.

521 4305 732 4391 Radulphum
762 4326 892 4391 quoquc
923 4304 1206 4381 filium-Nicholai,
1228 4304 1337 4373 virum
1359 4305 1564 4371 commenda
1576 4313 1738 4392 RalphFitz·

520 4408 628 4483 bilem,
659 4407 796 4494 hospitii
827 4408 877 4472 sui
908 4407 1130 4485 senescallum,
1160 4429 1235 4472 cum
1265 4407 1461 4494 quibusdam
1491 4407 1565 4472 aliis
1576 4380 1696 4431 Nrchota

1576 4449 1625 4497 and
1637 4447 1721 4499 others

521 4509 712 4576 consiliariis
735 4515 769 4574 et
794 4510 924 4595 magnis
952 4509 1123 4589 ministris,
1147 4509 1190 4574 a‘
1212 4509 1280 4574 suis
1303 4508 1416 4576 officiis
1438 4515 1618 4575 amotosare
1631 4527 1669 4564 re

520 4636 541 4677 a
563 4610 698 4676 consilio
721 4632 780 4675 suo
802 4612 1030 4695 sequestravit.
1076 4610 1230 4699 Sigillum
1253 4634 1382 4698 quoque
1404 4633 1498 4677 suum
1521 4612 1564 4677 ab
1576 4580 1736 4698 ffissffiffi

521 4715 671 4803 episcopo
695 4712 900 4791 Cicestrensi,
922 4714 1113 4780 cancellario
1136 4738 1202 4793 suo,
1226 4716 1284 4801 qui
1307 4715 1446 4781 officium
1469 4736 1564 4780 suum
1576 4728 1709 4846 phanag

1594 4809 1666 4846 eman

522 4886 876 4898 ------.-.---.-

555 4987 561 5015 ¹
574 4983 753 5048 exorbitarunt]
763 4981 1018 5039 exhorbitamntMS.
1103 4981 1220 5048 'dolend
1238 4983 1385 5035 Interlined.

553 5064 637 5114 2ιιηάε
653 5063 763 5112 domiuus
782 5098 885 5112 ......
906 5059 1017 5126 sitiebat]
1105 5062 1114 5092 ⁴
1130 5061 1162 5128 α]
1176 5062 1216 5124 ab,
1229 5062 1287 5114 MS.

521 5144 631 5196 written
644 5157 677 5193 on
689 5157 721 5192 an
732 5155 838 5192 erasure.
