4517 6425
884 1174 933 1225 nn
954 1175 1114 1227 ammona
1135 1177 1240 1229 anem
1259 1177 1412 1231 moram.
1649 1170 1672 1239 7

625 1362 660 1425 et
683 1360 809 1426 tertius
839 1360 877 1426 in
907 1361 1017 1427 medio
1046 1383 1168 1444 eorum,
1189 1369 1360 1451 portantes
1380 1370 1448 1433 tres
1469 1366 1596 1454 gladios
1617 1367 1669 1434 in¹
1683 1367 1752 1422 AD·
1766 1376 1838 1428 118⁹·

443 1464 609 1546 Rofflene.
630 1463 761 1549 vaginis
775 1464 891 1544 aureis,
907 1465 948 1530 de
962 1466 1117 1533 thesauro
1139 1467 1225 1554 regis
1243 1473 1397 1555 sumptos.
1442 1468 1673 1556 Sequebantur

490 1550 529 1586 '¹¹‘
543 1543 566 1589 ⁶·
628 1571 739 1632 autem
754 1566 828 1632 illos
851 1589 909 1632 sex
932 1569 1067 1633 comites
1090 1573 1125 1634 et
1147 1569 1478 1657 barones,p01tantes
1492 1573 1671 1639 scacarium

623 1689 735 1747 unum,
758 1691 857 1756 supra
879 1670 966 1756 quod
987 1672 1097 1758 posita
1118 1677 1214 1738 erant
1235 1673 1358 1759 regalia
1378 1675 1522 1761 insignia
1543 1680 1578 1740 et
1599 1698 1671 1742 vae

626 1774 699 1850 tes;
723 1777 881 1859 sequente
903 1794 958 1839 eos
980 1774 1098 1839 comite
1121 1774 1311 1853 (iestrensi,2
1324 1776 1361 1840 in
1377 1778 1503 1845 excelso
1518 1800 1670 1845 coronam

620 1895 754 1939 amcam
776 1875 912 1941 mirifice
934 1881 1135 1963 gemmatam
1158 1882 1318 1963 portante
1364 1878 1419 1944 Ad
1440 1879 1595 1945 ultimum
1610 1903 1668 1946 au·

620 1981 687 2041 tem
710 1979 806 2043 venit
828 1979 899 2044 dux
922 1980 1094 2059 Ricardus,
1116 1979 1241 2046 hebens
1255 1980 1442 2068 episcopum
1468 1981 1626 2070 [unum]⁸
1648 2008 1669 2049 a

598 2079 747 2146 ·dext1ie
770 2088 804 2147 et
826 2082 929 2150 alium
944 2105 965 2147 a
986 2082 1138 2160 sinistris,
1152 2092 1187 2148 et
1207 2105 1307 2170 supra
1328 2084 1402 2150 illos
1416 2085 1594 2172 portabant
1608 2086 1667 2153 iiii

597 2182 756 2249 ·barones
781 2185 1010 2251 umbraculum
1032 2185 1074 2250 de
1095 2182 1221 2251 scrico⁴
1248 2207 1346 2273 super
1366 2186 1425 2252 iiii
1452 2186 1566 2252 hastas
1587 2210 1667 2254 auro

597 2287 728 2372 pictas
779 2288 826 2353 Et
849 2289 893 2354 ad
916 2288 1021 2354 altare
1046 2289 1286 2375 pervenientes,
1309 2310 1417 2355 coram
1445 2289 1530 2356 clero
1553 2297 1588 2355 et
1610 2314 1666 2378 po-

616 2390 703 2477 pulo,
725 2392 902 2479 propositis
922 2393 1137 2457 sacrosanctis
1168 2390 1371 2479 evangeliis⁶
1402 2414 1477 2457 cum
1507 2392 1665 2479 plurimo·

616 2514 689 2557 rum
711 2499 897 2560 sanctorum
921 2494 1078 2579 reliquiis,
1096 2493 1237 2579 juravit,
1257 2493 1345 2579 quod
1368 2516 1490 2581 pacem,
1506 2494 1664 2561 honorem

617 2617 654 2659 ac
678 2597 898 2662 reverentiam
921 2597 1074 2662 omnibus
1098 2596 1215 2662 diebus
1236 2598 1319 2662 vitae
1341 2618 1409 2662 suae
1429 2597 1578 2683 portabit
1592 2599 1663 2664 Deo

614 2704 649 2764 et
671 2706 793 2766 sanctae
824 2700 976 2777 ecclesiae,
999 2706 1034 2766 et
1065 2700 1137 2785 ejus
1168 2700 1338 2766 ordinatis.
1383 2699 1520 2766 Juravit
1552 2701 1662 2783 etiam,

616 2803 732 2887 quod⁶
764 2802 855 2892 [in]⁷
888 2804 1009 2890 populo
1043 2802 1109 2868 sibi
1139 2804 1311 2868 commisso
1343 2807 1467 2868 rectam
1495 2802 1663 2889 justitiam

614 2907 803 2986 exercebit,⁸
818 2913 853 2972 et
868 2908 956 2993 quod
971 2906 1075 2970 malas
1097 2906 1186 2992 leges
1208 2912 1243 2971 et
1257 2906 1388 2991 iniquas
1403 2907 1663 2987 consuetudines,

614 3009 642 3071 si
668 3009 788 3095 aliquae
810 3010 935 3075 fuerint
957 3008 993 3073 in
1020 3028 1120 3095 regno
1143 3029 1211 3085 suo,
1227 3008 1351 3073 delebit
1372 3014 1407 3074 et
1428 3008 1531 3073 bonas
1554 3010 1662 3076 obser-

615 3113 718 3179 vabit.
764 3113 893 3179 Deinde
907 3117 1073 3178 exuenmt
1092 3134 1168 3178 eum
1191 3112 1345 3179 omnibus
1367 3112 1570 3177 indumentis
1584 3114 1662 3195 suis,

615 3222 733 3304 praeter
763 3217 894 3282 braccas
925 3204 960 3282 et
989 3215 1166 3293 camisiam,
1194 3238 1269 3302 quae
1301 3216 1338 3279 in
1369 3215 1508 3302 scapidis
1535 3215 1662 3283 dissuta

614 3326 691 3397 erat,
715 3326 850 3408 propter
879 3319 1111 3385 inunctionem.
1158 3318 1380 3396 Baldewinus,
1411 3318 1661 3384 cantuariensis

612 3422 880 3509 archiepiscopus,
896 3420 1054 3486 sandaliis
1077 3419 1251 3485 calciatum
1273 3442 1354 3485 auro
1372 3421 1485 3500 textis,
1502 3422 1538 3484 in
1553 3422 1660 3486 tribus

612 3525 691 3590 locis
713 3547 790 3590 eum
812 3525 849 3589 in
878 3545 989 3611 regem
1019 3523 1129 3598 unxit,
1154 3508 1309 3588 iidelioet
1332 3523 1369 3587 in
1394 3522 1510 3609 capite,
1534 3523 1571 3586 in
1592 3544 1659 3588 soa-

611 3629 704 3714 pulis,
720 3633 755 3693 et
777 3628 815 3692 in
836 3626 969 3692 brachio
992 3626 1118 3705 dextro,
1135 3646 1209 3690 cum
1232 3624 1437 3690 orationibus
1452 3623 1570 3690 adhoc
1585 3647 1660 3690 oon·

611 3731 748 3797 stitutis.
794 3731 906 3796 Posito
935 3728 1055 3794 deinde
1086 3749 1185 3815 super
1216 3732 1316 3814 caput
1347 3727 1417 3813 ejus
1439 3749 1550 3814 panno
1571 3727 1658 3793 lineo

610 3839 745 3911 sacrato,
769 3834 904 3922 pilleum
932 3833 1072 3919 desuper
1093 3829 1228 3918 poeuit3
1258 3835 1292 3896 et
1315 3830 1481 3917 regalibus
1502 3831 1657 3895 indutum

609 3938 825 4014 vestimentis,
841 3957 916 4000 cum
938 3935 1052 4000 tunica
1075 3938 1110 3999 et
1133 3932 1316 4010 dalmatica,
1336 3932 1479 3998 tradidit
1501 3933 1532 3998 ei
1554 3933 1659 4001 archi-

609 4041 778 4128 episcopus
792 4038 939 4126 gladium
961 4038 1005 4103 ed
1021 4035 1246 4101 malefactores
1269 4034 1410 4102 eccleeiae
1424 4035 1656 4121 reprimendos.
1736 4050 1739 4057 ’

610 4145 682 4224 Quo
704 4143 800 4218 facto,
823 4142 889 4206 duo
912 4139 1047 4206 comites
1068 4138 1291 4204 calciaverrmt
1313 4135 1370 4204 ei⁹
1392 4137 1538 4214 calcaria,
1559 4139 1656 4204 indu-

608 4253 725 4331 tusque
740 4249 883 4324 mantea,
899 4241 1090 4327 conjuratus
1113 4245 1164 4305 est
1184 4240 1226 4305 ab
1248 4239 1489 4326 archiepiscopo
1504 4261 1547 4303 ex
1562 4245 1656 4326 parte

608 4348 672 4415 Dei
687 4353 723 4413 et
744 4346 941 4435 prohibitus,
956 4365 999 4408 ne
1021 4342 1109 4407 huno
1132 4342 1288 4408 honorem
1308 4341 1452 4430 accipere
1467 4348 1655 4428 praesumat,

607 4678 613 4717 g
642 4651 650 4681 '
663 4652 702 4717 in]
721 4665 787 4710 cum,
797 4649 840 4699 W.
851 4648 883 4699 B.
895 4648 924 4699 Ο.
1189 4649 1198 4677 ⁴
1210 4647 1300 4712 rerico]
1320 4646 1403 4708 sirico,
1414 4645 1470 4696 MS.

643 4729 805 4794 ’ccccm
824 4728 916 4777 Added
927 4726 954 4775 in
964 4740 1042 4791 marg.
1077 4726 1108 4774 In
1188 4725 1353 4792 ⁵evan9eiiic]
1372 4723 1534 4789 euuangeliis,
1546 4723 1602 4775 MS.

610 4810 652 4860 W.
665 4810 695 4859 B.
708 4807 737 4859 C.
749 4825 804 4858 unc.
838 4806 988 4869 According
1006 4812 1034 4854 to
1044 4805 1107 4863 Ben,
1189 4806 1287 4872 οᾳιιοᾰ]
1307 4806 1399 4856 Added
1410 4803 1438 4853 in
1448 4818 1527 4869 marg.

612 4890 708 4950 Athea,
719 4905 744 4952 p.
757 4893 813 4948 558,
820 4888 870 4936 end
880 4885 1012 4945 Hoveden,
1020 4900 1044 4948 p.
1052 4889 1108 4942 656,
1189 4888 1198 4915 ²
1210 4885 1249 4951 in]
1269 4885 1389 4949 Supplied
1401 4884 1466 4932 from
1476 4883 1519 4932 W.
1531 4882 1563 4932 B.
1574 4882 1603 4933 0.

609 4968 725 5021 William
742 4970 772 5018 de
789 4965 951 5026 Mandeville,
962 4964 1015 5014 eorl
1026 4964 1109 5014 oilie
1189 4964 1198 4991 ⁸
1210 4960 1341 5026 exercebit]
1361 4958 1509 5019 excereebit,
1520 4957 1576 5008 MS.

614 5047 775 5107 senoarried
785 5046 828 5095 the
838 5060 932 5094 crovn.
1188 5040 1246 5105 ⁹ei]
1265 5039 1405 5088 interlined
1417 5035 1561 5098 ieveleum.

643 5130 653 5158 ⁸
665 5126 751 5192 nrum]
772 5125 894 5190 supplied
904 5124 970 5174 from
981 5123 1023 5173 W.
1036 5123 1064 5174 C.
