4517 6425
661 1198 726 1271 178
779 1212 948 1265 usuram
971 1211 1186 1264 rsarsmnsrs
1209 1210 1375 1264 maroam
1398 1209 1598 1261 morosus.

493 1429 561 1519 Ad).
576 1471 647 1518 1216.
956 1455 1005 1521 Dc
1027 1455 1223 1521 comtoatio
1245 1453 1422 1521 lodowici.

508 1619 636 1685 asapia.
706 1605 826 1673 Postea
862 1626 941 1671 vero
981 1604 1177 1670 Lodovvicus
1211 1605 1249 1670 in
1287 1605 1430 1671 crastino
1468 1605 1575 1670 sancti
1612 1604 1715 1670 Marci
1727 1612 1886 1695 Regnent.

494 1712 629 1791 Interview
661 1705 892 1797 evangelistae¹
929 1708 1066 1773 veniens
1107 1708 1197 1793 apud
1232 1708 1356 1788 Melon,
1396 1708 1485 1795 quod
1524 1714 1558 1773 et
1596 1706 1715 1772 Ysium
1731 1752 1737 1765 .
1753 1685 1860 1733 ¹¹¹'³⁶⁷·

494 1780 616 1897 &affl
662 1812 806 1893 dicitur,l
832 1812 875 1877 ad
900 1817 1029 1899 patrem
1059 1832 1166 1892 suum,
1189 1812 1323 1899 rogavit
1353 1833 1426 1876 eum
1458 1834 1533 1877 cum
1564 1811 1715 1889 lacrimis,

494 1916 583 1967 father.
662 1940 705 1984 ne
727 1918 780 1983 sui
802 1915 931 1982 itineris
960 1914 1137 2002 impediret
1160 1915 1254 2000 pium
1281 1916 1493 2002 propositum.
1540 1915 1737 1980 Asserebat.

663 2022 850 2086 enimcum
876 2018 1078 2104 juramento,
1113 2018 1201 2104 quod
1232 2019 1261 2082 si
1294 2040 1354 2084 rex
1390 2018 1445 2085 ille
1470 2017 1626 2107 Angliae³
1657 2019 1736 2083 im-.

663 2125 843 2190 misericors
881 2129 992 2210 posset
1032 2142 1109 2187 suos
1148 2119 1276 2187 nobiles
1317 2121 1568 2209 apprehendere,
1606 2142 1737 2186 omnes.

663 2227 838 2313 exquisitis
868 2226 1043 2291 tormentis
1069 2229 1104 2290 et
1129 2224 1357 2311 ignominiosis
1391 2226 1599 2303 interficeret,
1630 2224 1737 2311 quod.

663 2331 749 2399 foret
778 2330 843 2396 toti
869 2329 993 2394 mundo
1017 2327 1242 2405 lacrimabile*
1266 2328 1323 2393 sed
1349 2327 1433 2393 forte
1460 2330 1522 2396 soli
1545 2351 1640 2416 papae
1662 2328 1738 2391 de·.

664 2433 844 2501 siderabile.
889 2431 1032 2497 Addidit
1054 2432 1166 2511 etiam,
1189 2433 1278 2518 quod
1306 2432 1484 2497 baronibus
1510 2432 1642 2520 Angliae
1668 2431 1719 2495 in·

663 2537 818 2604 violabile
841 2536 1002 2624 praestitit
1020 2535 1256 2621 juramentum,
1272 2536 1361 2622 quod
1383 2536 1465 2623 ipsis
1479 2537 1609 2602 veniret
1629 2533 1720 2599 festi-

664 2665 746 2709 num
764 2643 801 2707 in
821 2660 1016 2706 succursum.
1063 2638 1163 2704 Unde
1185 2638 1354 2726 praelegit
1374 2640 1509 2726 potius⁶
1532 2640 1575 2705 ad
1590 2644 1720 2725 tempus

665 2748 702 2813 in
724 2751 794 2811 tam
825 2744 882 2831 pia
904 2765 1001 2809 causa
1023 2764 1083 2831 pro
1106 2744 1176 2808 sola
1197 2743 1309 2831 papali
1332 2743 1508 2809 voluntate
1531 2764 1719 2809 excommu-

666 2848 892 2935 nica1i,quam
916 2847 1038 2913 crimen
1062 2847 1226 2911 incurrere
1249 2846 1413 2926 falsitatis,
1430 2852 1465 2911 et
1480 2846 1591 2912 deame
1605 2847 1720 2931 laqueo

498 2968 584 3033 Philip
667 2950 834 3040 expositis.
892 2951 991 3017 Pater
1022 2949 1128 3037 igitur
1150 2949 1267 3015 videns
1294 2950 1355 3014 filii
1382 2951 1611 3029 constantiam,
1636 2969 1721 3013 com-

499 3036 644 3155 ξέζξᾙ·
667 3077 781 3145 passus
801 3059 852 3120 est
871 3053 941 3120 filio
964 3053 1091 3120 dolenti
1115 3059 1150 3118 et
1174 3054 1364 3139 angustiato
1376 3077 1385 3133 ;
1411 3058 1531 3134 mente,
1547 3053 1741 3117 voluntate.

499 3141 655 3237 notipenly.
668 3166 702 3228 et
724 3157 888 3246 adjutorio
914 3158 1016 3245 coepit
1037 3157 1232 3239 consentire,
1255 3156 1313 3223 sed
1339 3178 1407 3223 non
1439 3156 1556 3245 palam.
1604 3156 1649 3221 Et
1676 3156 1742 3222 sic.

668 3264 887 3340 dissimulans,
903 3262 934 3327 ei
956 3262 1126 3327 licentiam
1147 3262 1313 3338 concessit,
1329 3266 1364 3327 et
1384 3282 1457 3328 cum
1473 3268 1610 3348 patema
1623 3259 1722 3327 bene-

669 3368 814 3437 dictione
837 3365 972 3431 dimisit.

822 3625 995 3709 Quomodo
1020 3622 1222 3691 lodowicus
1243 3622 1287 3690 io
1309 3624 1481 3710 Aeoliam
1505 3624 1578 3691 ivit.

502 3800 581 3851 Iouis
592 3814 644 3851 em.
715 3776 808 3843 {lunc
823 3773 1027 3854 Lodovicus,
1049 3774 1158 3839 missis
1181 3774 1224 3839 ad
1247 3774 1372 3840 curiam
1388 3774 1571 3841 Romanam
1588 3773 1726 3851 nunciis,
1736 3788 1892 3855 Roawend.

502 3867 658 3985 mgb
671 3880 728 3967 qui
751 3878 877 3945 ibidem
897 3878 963 3963 jus,
988 3877 1077 3964 quod
1101 3877 1167 3942 sibi
1190 3877 1231 3941 de
1253 3869 1355 3964 re'gno
1369 3876 1503 3965 Angliee
1517 3875 1725 3955 vendicabat,
1761 3855 1797 3906 ffi·
1810 3861 1867 3907 ³⁶⁷·

503 4000 632 4053 arcuna.
670 4004 779 4049 coram
806 4004 892 4070 papa
920 3984 1193 4068 protestarentur,
1215 3981 1278 4046 sub
1310 3982 1401 4047 omni
1425 3981 1595 4046 celeritate
1617 3978 1724 4044 multo

670 4087 815 4173 stipatus
838 4085 1000 4151 comitatu
1022 4085 1066 4150 ad
1092 4106 1181 4149 mare
1207 4084 1389 4163 festinavit,
1417 4089 1459 4150 ut
1488 4083 1643 4170 legatum,
1668 4083 1725 4168 qui

567 4222 571 4230 ¹
671 4196 706 4256 et
727 4186 807 4254 illuc
833 4187 1015 4266 festinavit,
1040 4188 1076 4252 in
1103 4188 1262 4274 Angliam
1292 4188 1499 4275 praeveniret.
1545 4185 1726 4252 Venientes
1816 4197 1819 4205 ’

586 4368 592 4378 ,
671 4293 776 4379 igitur
808 4290 954 4356 universi
988 4291 1030 4356 ad
1062 4296 1195 4379 portum
1227 4291 1267 4357 de
1300 4291 1415 4368 (lalcis,
1450 4292 1649 4356 invenerunt
1679 4289 1727 4355 ibi
1737 4296 1893 4378 Rogwend.

670 4399 817 4462 secentas
847 4415 947 4460 naves
970 4399 1005 4460 et
1028 4399 1146 4482 quater
1168 4418 1223 4461 xx.
1248 4417 1343 4483 cogas
1368 4395 1453 4461 bene
1475 4400 1616 4482 paratas,
1631 4415 1727 4480 ,quas
1763 4382 1799 4415 ¹¹¹·
1812 4371 1868 4418 ³⁶⁸·

672 4498 871 4565 Eustachius
902 4495 1032 4562 dictus⁶
1057 4497 1238 4563 Monachus
1265 4505 1381 4565 contra
1411 4499 1594 4565 adventum
1624 4497 1727 4585 ipsius

672 4601 839 4668 Lodovioi
868 4601 993 4668 ibidem
1024 4608 1289 4689 congregaverat.
1353 4601 1443 4683 Quas
1476 4603 1551 4667 ilico
1581 4600 1727 4691 ingressi,

673 4728 742 4772 sese
766 4705 923 4793 Neptuno
948 4704 1192 4772 commiserunt.

798 4862 877 4867 .--—.
895 4861 1029 4867 .--.·-—-·-
1044 4861 1242 4869 ——--—-...
1257 4863 1262 4867 .
1300 4862 1324 4866 -.
1344 4862 1479 4870 ---.-..--—
1494 4862 1668 4870 ...-—--.--..

709 4946 715 4974 ¹
728 4940 893 5008 evonqelistoe]
914 4942 1102 5006 euuangeliste,
1111 4941 1170 4992 MS.
1258 4942 1441 5010 ιἱιιονὶηιαὺιῚιν]
1456 4945 1493 4994 At
1506 4946 1560 4995 first
1571 4945 1679 5001 written,
1692 4941 1729 4992 la-

707 5022 816 5087 ²qteod.
836 5061 862 5072 ..
882 5062 888 5073 .
905 5021 1009 5086 dicitur]
1037 5021 1130 5071 Added
1151 5022 1178 5070 in
1223 5021 1329 5073 crimalc.

674 5118 755 5167 marg.
1260 5103 1379 5168 spotius]
1399 5103 1545 5152 interlined.

706 5186 772 5232 ’rer
784 5180 823 5231 ille
833 5180 943 5246 Aeolio]
963 5180 1005 5232 On
1017 5196 1049 5230 an
1060 5196 1162 5231 erasure
1260 5181 1373 5249 ⁸dictus]
1393 5182 1539 5232 Interlined.
