4517 6425
2538 1134 2552 1166 ἱ

1232 1204 1326 1254 nn
1371 1205 1689 1254 rnnroas
1725 1205 1937 1255 'REGIS
1979 1205 2293 1268 nmmm,
2338 1207 2472 1258 vm.
2519 1207 2764 1257 maru.
2904 1194 3034 1258 369

1543 1476 1861 1544 Reversio
1907 1477 2001 1544 ad
2044 1477 2422 1545 materiam.

897 1667 916 1685 ·
1026 1626 1118 1692 Et
1178 1628 1333 1693 dum
1393 1626 1563 1693 circa
1621 1627 1760 1694 haec
1818 1627 1946 1692 viri
2009 1627 2423 1694 ecclesiastici
2482 1626 3025 1706 sollicitabantur,

642 1710 703 1762 :fi
729 1712 860 1780 1³03.

642 1780 784 1831 send.
804 1782 875 1838 iv.
897 1801 910 1814 ·

936 1751 1147 1821 comes
1208 1730 1625 1796 Marescallus
1683 1731 1754 1796 in
1822 1731 2036 1797 tutela
2099 1730 2642 1796 Hiberniensium
2709 1734 3024 1811 retentus,

3058 1494 3194 1548 A.D.
3224 1503 3367 1550 123⁴.

3051 1642 3246 1694 Details
3267 1661 3345 1695 re-

3047 1713 3275 1777 specting
3284 1713 3370 1763 the

3047 1779 3250 1828 decease
3272 1781 3334 1828 of

642 1851 736 1907 ⁸07,
760 1854 874 1903 308.
899 1891 911 1904 .
935 1833 1113 1900 febre
1157 1840 1352 1900 acuta
1412 1839 1762 1921 occupatus
1824 1839 1941 1910 est,
1990 1854 2187 1919 quam
2249 1856 2333 1899 ex
2393 1833 2746 1922 multiplici
2807 1834 3024 1899 dolore
3046 1844 3133 1893 the
3155 1846 3258 1894 ear-1

898 1996 912 2009 ,
935 1943 1335 2024 conceperat,
1366 1937 1654 2004 maxime
1701 1948 1925 2002 tamen
1976 1958 2059 2002 ex
2102 1936 2429 2024 imperita,
2474 1943 2542 2003 et
2587 1937 2848 2002 utinam
2891 1959 3024 2002 non

896 2094 912 2109 .
935 2039 1311 2106 voluntaria
1355 2047 1423 2107 et
1469 2040 1844 2126 proditiosa,
1891 2039 2237 2105 adustione
2298 2039 2637 2126 cujusdam
2684 2040 3028 2106 Hibernici

896 2199 909 2212 .
936 2141 1252 2232 cirurgici.
1345 2143 1547 2209 Facta
1614 2142 1824 2230 igitur
1890 2142 2292 2209 confessione
2362 2149 2431 2209 et
2485 2143 2730 2209 viatico
2798 2143 3029 2209 salutis

820 2284 835 2303 ·
898 2299 911 2314 .
935 2251 1249 2334 susceptO,
1279 2246 1496 2334 palam
1541 2267 1757 2310 coram
1795 2245 2157 2311 confessore
2203 2267 2323 2312 suo
2367 2268 2518 2311 cum
2557 2246 2840 2311 lacrimis
2883 2267 3030 2333 pro-

896 2403 910 2418 .
937 2355 1217 2416 testatus
1248 2353 1364 2426 est,
1396 2371 1465 2415 se
1508 2370 1846 2435 nunquam
1894 2349 2161 2414 domino
2201 2350 2343 2437 regi
2387 2346 2679 2414 malum¹
2731 2348 3032 2427 voluisse,

892 2503 909 2519 .
933 2455 1152 2532 immo,
1196 2458 1278 2518 ut
1334 2451 1684 2518 salubriter
1730 2452 2013 2517 consiliis
2056 2472 2330 2518 suorum
2373 2452 2775 2517 naturalium
2819 2452 3028 2518 homi-

892 2605 913 2625 .
931 2579 1091 2624 num
1136 2558 1350 2643 ipsum
1396 2554 1791 2632 inclinasset,
1833 2554 2213 2634 elaborasse,
2265 2560 2334 2620 et
2377 2558 2643 2642 propter
2685 2555 2806 2621 hoc
2838 2578 3029 2644 guer-

890 2707 909 2724 .
931 2683 1087 2739 ram,
1113 2665 1191 2725 ut
1221 2658 1348 2724 sibi
1370 2658 1537 2723 bene
1558 2657 1912 2724 videbatur
1919 2657 2189 2743 justam,
2219 2657 2370 2723 sed²
2401 2663 2643 2723 temere
2673 2657 3026 2727 suscitasse.

892 2813 906 2827 .
931 2765 1186 2829 Tenens
1244 2762 1449 2849 igitur
1507 2782 1756 2826 crucem
1816 2765 1886 2826 et
1944 2760 2241 2840 adorans,
2304 2760 2610 2848 spiritum
2668 2763 3023 2829 contritum

895 2916 908 2930 .
933 2865 1270 2945 exalavit?
1298 2864 1464 2931 xvio.
1494 2863 1809 2931 kalendas
1838 2864 2020 2941 Maii,
2051 2870 2120 2931 et
2158 2864 2454 2952 sepultus
2484 2871 2585 2929 est
2623 2864 2696 2929 in
2744 2867 3027 2932 oratorio

894 3016 910 3033 .
936 2972 1245 3036 Fratrum
1292 2968 1628 3033 Minorum
1659 2966 1835 3056 apud
1869 2965 2212 3048 Kilkenni,
2244 2966 2364 3032 ubi
2406 2967 2583 3032 idem
2624 2969 3028 3057 sepulturam

896 3115 913 3133 ·
933 3075 1237 3163 elegerat,
1282 3071 1403 3138 flos
1446 3070 1705 3139 militiae
1750 3074 2122 3160 temporum
2165 3069 2640 3139 modernorum.

642 3494 909 3558 og.Wend.

642 3562 711 3612 iv.
736 3567 851 3614 309.

1109 3328 1353 3397 Omnes
1391 3328 1770 3417 proscripti
1814 3328 1911 3397 ad
1946 3351 2187 3417 pacem
2244 3330 2424 3417 reglis
2467 3329 2838 3399 redierunt.

3048 1910 3345 1963 Mareschal.

3052 2149 3138 2200 De
3159 2159 3302 2200 morte

3055 2217 3286 2277 Rebar-di,

3055 2283 3363 2341 Mareu-alli,

3055 2723 3111 2768 ln
3143 2722 3263 2786 apr,

1019 3478 1148 3544 Per
1204 3478 1379 3544 idem
1436 3484 1715 3566 tempus,
1772 3478 2079 3545 videlicet
2142 3486 2331 3567 post.
2363 3481 2631 3559 Pascha,
2691 3502 2837 3546 cum
2894 3502 3015 3546 rex
3039 3492 3152 3545 The
3172 3495 3300 3563 king

929 3581 1296 3669 Anglorum
1344 3602 1576 3647 versus
1620 3581 2046 3648 Gloverniam
2090 3583 2408 3661 tenderet,
2439 3584 2706 3671 cupiens
2751 3583 3018 3650 obviare

925 3683 1408 3771 archiepiscopo
1459 3688 1529 3748 et
1588 3683 1923 3770 episcopis,
1969 3704 2133 3770 quos
2191 3685 2266 3749 in
2331 3684 2670 3749 Uualliam
2732 3684 3018 3767 miserat,

928 3794 1007 3855 ut
1065 3786 1519 3875 supradictum
1580 3791 1697 3865 est,
1742 3787 1932 3852 venit
1990 3788 2168 3874 apud
2230 3787 2608 3865 Wudestoc,
2654 3792 2733 3853 ut
2776 3789 3020 3854 ibidem

928 3895 1357 3981 pernoctaret.
1448 3889 1791 3956 Venerunt
1834 3894 2058 3956 autem
2104 3890 2351 3956 ibidem
2397 3890 2484 3957 ad
2528 3891 2747 3978 ipsum
2793 3893 3021 3958 nuncii

3044 3561 3091 3610 is
3117 3562 3326 3625 grieved

3044 3635 3099 3678 at
3107 3628 3186 3678 his
3196 3631 3359 3682 death.

929 4016 1013 4060 ex
1080 3992 1427 4072 Hibernia,
1496 4014 1717 4059 casum
1793 3993 1853 4059 ei
1916 3992 2273 4060 referentes
2334 3993 2417 4060 de
2481 3999 2693 4061 morte
2761 3995 3020 4061 comitis
3071 4020 3074 4025 ·

932 4097 1313 4166 Marescalli.
1406 4096 1605 4163 Unde
1661 4118 1799 4175 rex,
1844 4095 2331 4163 admirantibus
2377 4098 2630 4165 cunctis
2691 4099 2807 4185 qui
2866 4101 3021 4167 ade·

929 4206 1099 4278 rant,
1165 4200 1237 4265 in
1303 4201 1535 4267 fletum
1602 4205 1672 4266 et
1736 4200 2281 4266 lamentationem
2355 4222 2802 4289 prorumpens,
2872 4225 3022 4269 con-

929 4307 1199 4392 questus
1257 4308 1359 4369 est
1416 4303 1710 4391 graviter
1768 4303 1849 4369 de
1907 4309 2120 4370 morte
2178 4303 2357 4369 tanti
2424 4304 2675 4383 militis,
2730 4326 3021 4371 asserens

929 4410 1313 4473 constanter
1372 4409 1441 4471 et
1502 4406 1838 4485 veraciter,
1884 4406 2060 4493 quod
2118 4406 2376 4471 nullum
2436 4406 2563 4473 sibi
2607 4428 2972 4495 comparem
2994 4409 3018 4445 ⁴

890 4550 904 4564 ·
928 4508 1000 4574 in
1046 4508 1305 4585 militia,
1348 4508 1525 4594 quod
1577 4512 1646 4574 et
1694 4508 1933 4575 Franci
1986 4515 2305 4588 asserunt,
2350 4509 2424 4575 in
2467 4510 2687 4597 regnis
2734 4511 3016 4577 Franco-

995 4769 1009 4798 ¹
1045 4764 1247 4831 malum]
1274 4763 1461 4816 Added
1482 4764 1535 4816 in
1555 4779 1715 4828 marg.
2084 4766 2105 4797 ⁴
2133 4765 2230 4816 eibi
2249 4767 2542 4834 comparem]
2585 4767 2805 4819 written
2847 4783 2912 4817 on
2952 4784 3016 4819 an

991 4847 1014 4877 ²
1045 4845 1156 4912 sed]
1183 4844 1475 4895 Interlined.
2017 4860 2231 4906 erasure,
2267 4847 2371 4898 and
2408 4846 2492 4897 the
2536 4848 2702 4897 words
2741 4847 3018 4913 following,

994 4927 1014 4955 ⁸
1047 4925 1110 4974 In
1168 4924 1255 4974 the
1304 4924 1504 4988 margin
1538 4923 1584 4974 is
1633 4924 1805 4974 drawn
1851 4924 1933 4975 his
2019 4926 2069 4975 in
2091 4924 2267 4997 militia
2288 4961 2458 4977 .....
2493 4926 2668 4992 requie,
2702 4940 2788 4977 are
2827 4926 3018 4977 carried

927 5004 1090 5056 shield
1112 5003 1174 5053 of
1202 5018 1354 5065 arms,
1374 5004 1621 5064 reversed,
1655 5004 1766 5066 viz„
1789 5011 1934 5071 party
2021 5014 2110 5058 out
2132 5006 2242 5058 into
2264 5006 2351 5059 the
2371 5007 2585 5072 margin.

927 5083 1157 5149 per-pale,
1177 5097 1236 5133 or
1257 5085 1358 5134 and
1371 5091 1497 5142 vert,
1520 5099 1552 5135 a
1568 5083 1674 5134 lion
1691 5090 1935 5149 rampant,

930 5162 1109 5215 double
1128 5164 1303 5227 queve,
1323 5163 1481 5228 galet.

1107 5260 1263 5341 *von
1313 5258 1383 5312 11.
2618 5260 2668 5311 A
2709 5260 2755 5312 A
