<?xml version="1.0" encoding="UTF-8"?>
<!DOCTYPE html PUBLIC "-//W3C//DTD XHTML 1.0 Transitional//EN"
    "http://www.w3.org/TR/xhtml1/DTD/xhtml1-transitional.dtd">
<html xmlns="http://www.w3.org/1999/xhtml" xml:lang="en" lang="en">
 <head>
  <title>
</title>
<meta http-equiv="Content-Type" content="text/html;charset=utf-8" />
  <meta name='ocr-system' content='tesseract 3.04.00' />
  <meta name='ocr-capabilities' content='ocr_page ocr_carea ocr_par ocr_line ocrx_word'/>
</head>
<body>
  <div class='ocr_page' id='page_1' title='image "./matthiparisiens00parigoog/matthiparisiens00parigoog_0316.png"; bbox 0 0 4517 6425; ppageno 0'>
   <div class='ocr_carea' id='block_1_1' title="bbox 662 1163 1591 1227">
    <p class='ocr_par' dir='ltr' id='par_1_1' title="bbox 662 1163 1591 1227">
     <span class='ocr_line' id='line_1_1' title="bbox 662 1163 1591 1227; baseline 0.001 -2"><span class='ocrx_word' id='word_1_1' title='bbox 662 1163 728 1226; x_wconf 76' lang='lat'>304</span> <span class='ocrx_word' id='word_1_2' title='bbox 785 1175 951 1226; x_wconf 76' lang='lat' dir='ltr'>mmmm</span> <span class='ocrx_word' id='word_1_3' title='bbox 974 1176 1185 1227; x_wconf 76' lang='lat' dir='ltr'>enarsrausrs</span> <span class='ocrx_word' id='word_1_4' title='bbox 1207 1174 1370 1227; x_wconf 80' lang='lat' dir='ltr'>rnsroam</span> <span class='ocrx_word' id='word_1_5' title='bbox 1390 1176 1591 1226; x_wconf 75' lang='lat' dir='ltr'>suenorum</span> 
     </span>
    </p>
   </div>
   <div class='ocr_carea' id='block_1_2' title="bbox 492 1332 1730 3484">
    <p class='ocr_par' dir='ltr' id='par_1_2' title="bbox 493 1332 1730 3285">
     <span class='ocr_line' id='line_1_2' title="bbox 493 1332 1712 1440; baseline 0.009 -35"><span class='ocrx_word' id='word_1_6' title='bbox 493 1354 562 1408; x_wconf 73' lang='lat' dir='ltr'>Ab.</span> <span class='ocrx_word' id='word_1_7' title='bbox 577 1363 648 1410; x_wconf 74' lang='lat' dir='ltr'>mas.</span> <span class='ocrx_word' id='word_1_8' title='bbox 661 1332 918 1440; x_wconf 84' lang='lat' dir='ltr'>archiepiscopos</span> <span class='ocrx_word' id='word_1_9' title='bbox 941 1353 1172 1431; x_wconf 84' lang='lat' dir='ltr'>Nazarensem,</span> <span class='ocrx_word' id='word_1_10' title='bbox 1195 1352 1428 1419; x_wconf 68' lang='lat' dir='ltr'>Caesariensem</span> <span class='ocrx_word' id='word_1_11' title='bbox 1451 1358 1486 1418; x_wconf 92' lang='lat' dir='ltr'>et</span> <span class='ocrx_word' id='word_1_12' title='bbox 1515 1352 1712 1417; x_wconf 89' lang='lat' dir='ltr'>Narbonen-</span> 
     </span>
     <span class='ocr_line' id='line_1_3' title="bbox 660 1454 1712 1543; baseline -0.003 -22"><span class='ocrx_word' id='word_1_13' title='bbox 660 1478 752 1535; x_wconf 89' lang='lat' dir='ltr'>sem;</span> <span class='ocrx_word' id='word_1_14' title='bbox 774 1457 941 1542; x_wconf 91' lang='lat' dir='ltr'>episcopos</span> <span class='ocrx_word' id='word_1_15' title='bbox 971 1478 1050 1522; x_wconf 90' lang='lat' dir='ltr'>vero</span> <span class='ocrx_word' id='word_1_16' title='bbox 1074 1455 1216 1543; x_wconf 83' lang='lat' dir='ltr'>Angliae,</span> <span class='ocrx_word' id='word_1_17' title='bbox 1239 1454 1503 1522; x_wconf 70' lang='lat' dir='ltr'>wintoniensem</span> <span class='ocrx_word' id='word_1_18' title='bbox 1529 1460 1564 1522; x_wconf 86' lang='lat' dir='ltr'>et</span> <span class='ocrx_word' id='word_1_19' title='bbox 1587 1454 1712 1520; x_wconf 84' lang='lat' dir='ltr'>Exoni-</span> 
     </span>
     <span class='ocr_line' id='line_1_4' title="bbox 661 1557 1711 1645; baseline -0.002 -22"><span class='ocrx_word' id='word_1_20' title='bbox 661 1580 793 1639; x_wconf 81' lang='lat' dir='ltr'>ensem3</span> <span class='ocrx_word' id='word_1_21' title='bbox 834 1558 1011 1644; x_wconf 70' lang='lat' dir='ltr'>Magistros</span> <span class='ocrx_word' id='word_1_22' title='bbox 1041 1557 1228 1645; x_wconf 73' lang='lat' dir='ltr'><strong>Hospitalis</strong></span> <span class='ocrx_word' id='word_1_23' title='bbox 1264 1565 1299 1624; x_wconf 83' lang='lat' dir='ltr'>et</span> <span class='ocrx_word' id='word_1_24' title='bbox 1332 1558 1619 1639; x_wconf 86' lang='lat' dir='ltr'>Theutonicorum,</span> <span class='ocrx_word' id='word_1_25' title='bbox 1652 1558 1711 1645; x_wconf 89' lang='lat' dir='ltr'>qui</span> 
     </span>
     <span class='ocr_line' id='line_1_5' title="bbox 660 1658 1712 1748; baseline 0 -24"><span class='ocrx_word' id='word_1_26' title='bbox 660 1665 825 1747; x_wconf 84' lang='lat' dir='ltr'>praeerant</span> <span class='ocrx_word' id='word_1_27' title='bbox 866 1660 1066 1747; x_wconf 70' lang='lat' dir='ltr'>octingentis</span> <span class='ocrx_word' id='word_1_28' title='bbox 1107 1658 1270 1725; x_wconf 84' lang='lat' dir='ltr'>militibus</span> <span class='ocrx_word' id='word_1_29' title='bbox 1311 1662 1501 1748; x_wconf 85' lang='lat' dir='ltr'>peregrinis,</span> <span class='ocrx_word' id='word_1_30' title='bbox 1543 1666 1578 1726; x_wconf 92' lang='lat' dir='ltr'>et</span> <span class='ocrx_word' id='word_1_31' title='bbox 1620 1660 1712 1747; x_wconf 87' lang='lat' dir='ltr'>pedi-</span> 
     </span>
     <span class='ocr_line' id='line_1_6' title="bbox 660 1761 1730 1850; baseline 0 -23"><span class='ocrx_word' id='word_1_32' title='bbox 660 1762 751 1828; x_wconf 87' lang='lat' dir='ltr'>tibus</span> <span class='ocrx_word' id='word_1_33' title='bbox 776 1762 870 1848; x_wconf 83' lang='lat' dir='ltr'>quasi</span> <span class='ocrx_word' id='word_1_34' title='bbox 892 1763 1004 1828; x_wconf 90' lang='lat' dir='ltr'>deoem</span> <span class='ocrx_word' id='word_1_35' title='bbox 1027 1762 1162 1828; x_wconf 90' lang='lat' dir='ltr'>milibus</span> <span class='ocrx_word' id='word_1_36' title='bbox 1189 1762 1229 1827; x_wconf 87' lang='lat' dir='ltr'>de</span> <span class='ocrx_word' id='word_1_37' title='bbox 1253 1762 1393 1828; x_wconf 83' lang='lat' dir='ltr'>diversis</span> <span class='ocrx_word' id='word_1_38' title='bbox 1408 1762 1538 1837; x_wconf 46' lang='lat' dir='ltr'>‚mundi</span> <span class='ocrx_word' id='word_1_39' title='bbox 1560 1761 1730 1850; x_wconf 77' lang='lat' dir='ltr'>partibus</span> 
     </span>
     <span class='ocr_line' id='line_1_7' title="bbox 660 1865 1713 1952; baseline 0 -22"><span class='ocrx_word' id='word_1_40' title='bbox 660 1865 874 1952; x_wconf 86' lang='lat' dir='ltr'>congregatis.</span> <span class='ocrx_word' id='word_1_41' title='bbox 936 1865 1004 1945; x_wconf 76' lang='lat' dir='ltr'>Qui</span> <span class='ocrx_word' id='word_1_42' title='bbox 1033 1887 1147 1931; x_wconf 88' lang='lat' dir='ltr'>omnes</span> <span class='ocrx_word' id='word_1_43' title='bbox 1183 1865 1254 1951; x_wconf 84' lang='lat' dir='ltr'>pari</span> <span class='ocrx_word' id='word_1_44' title='bbox 1290 1865 1467 1932; x_wconf 90' lang='lat' dir='ltr'>devotione</span> <span class='ocrx_word' id='word_1_45' title='bbox 1502 1865 1604 1943; x_wconf 89' lang='lat' dir='ltr'>ducti,</span> <span class='ocrx_word' id='word_1_46' title='bbox 1641 1865 1713 1931; x_wconf 70' lang='lat' dir='ltr'>(lee-</span> 
     </span>
     <span class='ocr_line' id='line_1_8' title="bbox 661 1963 1714 2053; baseline -0.001 -22"><span class='ocrx_word' id='word_1_47' title='bbox 661 1989 785 2033; x_wconf 82' lang='lat' dir='ltr'>saream</span> <span class='ocrx_word' id='word_1_48' title='bbox 819 1973 855 2032; x_wconf 87' lang='lat' dir='ltr'>et</span> <span class='ocrx_word' id='word_1_49' title='bbox 885 1968 1036 2053; x_wconf 84' lang='lat' dir='ltr'>quaedam</span> <span class='ocrx_word' id='word_1_50' title='bbox 1066 1963 1194 2032; x_wconf 83' lang='lat' dir='ltr'>custre¹</span> <span class='ocrx_word' id='word_1_51' title='bbox 1234 1967 1506 2044; x_wconf 84' lang='lat' dir='ltr'>communierant,</span> <span class='ocrx_word' id='word_1_52' title='bbox 1537 1967 1586 2032; x_wconf 89' lang='lat' dir='ltr'>ita</span> <span class='ocrx_word' id='word_1_53' title='bbox 1624 1966 1714 2052; x_wconf 92' lang='lat' dir='ltr'>quod</span> 
     </span>
     <span class='ocr_line' id='line_1_9' title="bbox 661 2069 1713 2156; baseline -0.001 -23"><span class='ocrx_word' id='word_1_54' title='bbox 661 2069 745 2133; x_wconf 90' lang='lat' dir='ltr'>nihil</span> <span class='ocrx_word' id='word_1_55' title='bbox 777 2069 884 2134; x_wconf 87' lang='lat' dir='ltr'>defuit</span> <span class='ocrx_word' id='word_1_56' title='bbox 906 2069 963 2148; x_wconf 90' lang='lat' dir='ltr'>eis,</span> <span class='ocrx_word' id='word_1_57' title='bbox 986 2070 1052 2134; x_wconf 88' lang='lat' dir='ltr'>nisi</span> <span class='ocrx_word' id='word_1_58' title='bbox 1075 2075 1115 2134; x_wconf 87' lang='lat' dir='ltr'>ut</span> <span class='ocrx_word' id='word_1_59' title='bbox 1144 2069 1253 2156; x_wconf 91' lang='lat' dir='ltr'>Jopen</span> <span class='ocrx_word' id='word_1_60' title='bbox 1284 2075 1520 2148; x_wconf 82' lang='lat' dir='ltr'>restaurarent,</span> <span class='ocrx_word' id='word_1_61' title='bbox 1544 2075 1578 2135; x_wconf 90' lang='lat' dir='ltr'>et</span> <span class='ocrx_word' id='word_1_62' title='bbox 1601 2070 1648 2134; x_wconf 92' lang='lat' dir='ltr'>sic</span> <span class='ocrx_word' id='word_1_63' title='bbox 1676 2069 1713 2132; x_wconf 92' lang='lat' dir='ltr'>in</span> 
     </span>
     <span class='ocr_line' id='line_1_10' title="bbox 660 2172 1713 2260; baseline 0 -24"><span class='ocrx_word' id='word_1_64' title='bbox 660 2178 808 2236; x_wconf 87' lang='lat' dir='ltr'>sanctam</span> <span class='ocrx_word' id='word_1_65' title='bbox 839 2172 1017 2238; x_wconf 91' lang='lat' dir='ltr'>tenderent</span> <span class='ocrx_word' id='word_1_66' title='bbox 1042 2172 1220 2237; x_wconf 86' lang='lat' dir='ltr'>civitatem.</span> <span class='ocrx_word' id='word_1_67' title='bbox 1279 2172 1465 2260; x_wconf 78' lang='lat' dir='ltr'>Imperator</span> <span class='ocrx_word' id='word_1_68' title='bbox 1486 2173 1608 2257; x_wconf 75' lang='lat' dir='ltr'>itaque,</span> <span class='ocrx_word' id='word_1_69' title='bbox 1639 2193 1713 2236; x_wconf 90' lang='lat' dir='ltr'>cum</span> 
     </span>
     <span class='ocr_line' id='line_1_11' title="bbox 662 2272 1714 2361; baseline 0 -22"><span class='ocrx_word' id='word_1_70' title='bbox 662 2278 787 2339; x_wconf 85' lang='lat' dir='ltr'>statum</span> <span class='ocrx_word' id='word_1_71' title='bbox 814 2273 924 2340; x_wconf 84' lang='lat' dir='ltr'>Terrae</span> <span class='ocrx_word' id='word_1_72' title='bbox 949 2274 1080 2341; x_wconf 61' lang='lat' dir='ltr'>Sanctae</span> <span class='ocrx_word' id='word_1_73' title='bbox 1104 2274 1337 2361; x_wconf 69' lang='lat' dir='ltr'>cognovisset,2</span> <span class='ocrx_word' id='word_1_74' title='bbox 1361 2272 1584 2361; x_wconf 79' lang='lat' dir='ltr'>approbavit³</span> <span class='ocrx_word' id='word_1_75' title='bbox 1610 2272 1714 2361; x_wconf 85' lang='lat' dir='ltr'>pluri-</span> 
     </span>
     <span class='ocr_line' id='line_1_12' title="bbox 662 2376 1714 2464; baseline -0.001 -23"><span class='ocrx_word' id='word_1_76' title='bbox 662 2399 753 2442; x_wconf 90' lang='lat' dir='ltr'>mum</span> <span class='ocrx_word' id='word_1_77' title='bbox 768 2376 1016 2464; x_wconf 89' lang='lat' dir='ltr'>peregrinorum</span> <span class='ocrx_word' id='word_1_78' title='bbox 1032 2377 1239 2464; x_wconf 89' lang='lat' dir='ltr'>propositum</span> <span class='ocrx_word' id='word_1_79' title='bbox 1250 2402 1259 2458; x_wconf 92' lang='lat'>;</span> <span class='ocrx_word' id='word_1_80' title='bbox 1282 2382 1324 2455; x_wconf 91' lang='lat' dir='ltr'>et,</span> <span class='ocrx_word' id='word_1_81' title='bbox 1347 2377 1541 2463; x_wconf 75' lang='lat' dir='ltr'>praeparatis</span> <span class='ocrx_word' id='word_1_82' title='bbox 1562 2376 1714 2442; x_wconf 90' lang='lat' dir='ltr'>omnibus</span> 
     </span>
     <span class='ocr_line' id='line_1_13' title="bbox 661 2480 1714 2567; baseline -0.001 -22"><span class='ocrx_word' id='word_1_83' title='bbox 661 2481 705 2546; x_wconf 87' lang='lat' dir='ltr'>ad</span> <span class='ocrx_word' id='word_1_84' title='bbox 742 2480 1020 2567; x_wconf 88' lang='lat' dir='ltr'>progrediendum</span> <span class='ocrx_word' id='word_1_85' title='bbox 1062 2482 1262 2558; x_wconf 79' lang='lat' dir='ltr'>necessariis,</span> <span class='ocrx_word' id='word_1_86' title='bbox 1302 2486 1530 2567; x_wconf 87' lang='lat' dir='ltr'>prooesserunt</span> <span class='ocrx_word' id='word_1_87' title='bbox 1566 2480 1714 2561; x_wconf 82' lang='lat' dir='ltr'>feliciter,</span> 
     </span>
     <span class='ocr_line' id='line_1_14' title="bbox 662 2581 1715 2670; baseline -0.002 -21"><span class='ocrx_word' id='word_1_88' title='bbox 662 2583 786 2670; x_wconf 64' lang='lat' dir='ltr'>praevio</span> <span class='ocrx_word' id='word_1_89' title='bbox 808 2584 1014 2670; x_wconf 80' lang='lat' dir='ltr'>imperatore,</span> <span class='ocrx_word' id='word_1_90' title='bbox 1041 2589 1075 2648; x_wconf 92' lang='lat' dir='ltr'>et</span> <span class='ocrx_word' id='word_1_91' title='bbox 1105 2583 1203 2649; x_wconf 88' lang='lat' dir='ltr'>xvii0.</span> <span class='ocrx_word' id='word_1_92' title='bbox 1227 2582 1387 2648; x_wconf 79' lang='lat' dir='ltr'>kalendas</span> <span class='ocrx_word' id='word_1_93' title='bbox 1412 2581 1603 2648; x_wconf 86' lang='lat' dir='ltr'>Decembris</span> <span class='ocrx_word' id='word_1_94' title='bbox 1625 2582 1715 2669; x_wconf 88' lang='lat' dir='ltr'>apud</span> 
     </span>
     <span class='ocr_line' id='line_1_15' title="bbox 662 2684 1715 2773; baseline -0.003 -21"><span class='ocrx_word' id='word_1_95' title='bbox 662 2686 686 2751; x_wconf 87' lang='lat' dir='ltr'><strong>J</strong></span> <span class='ocrx_word' id='word_1_96' title='bbox 688 2708 772 2773; x_wconf 90' lang='lat' dir='ltr'>open</span> <span class='ocrx_word' id='word_1_97' title='bbox 795 2707 947 2772; x_wconf 87' lang='lat' dir='ltr'>prospere</span> <span class='ocrx_word' id='word_1_98' title='bbox 961 2692 1192 2773; x_wconf 88' lang='lat' dir='ltr'>pervenerunt.</span> <span class='ocrx_word' id='word_1_99' title='bbox 1239 2684 1305 2752; x_wconf 88' lang='lat' dir='ltr'>Sed</span> <span class='ocrx_word' id='word_1_100' title='bbox 1321 2685 1477 2772; x_wconf 89' lang='lat' dir='ltr'>quoniam</span> <span class='ocrx_word' id='word_1_101' title='bbox 1492 2686 1715 2771; x_wconf 90' lang='lat' dir='ltr'>unusquisque</span> 
     </span>
     <span class='ocr_line' id='line_1_16' title="bbox 663 2787 1715 2875; baseline -0.003 -21"><span class='ocrx_word' id='word_1_102' title='bbox 663 2788 705 2854; x_wconf 90' lang='lat' dir='ltr'>de</span> <span class='ocrx_word' id='word_1_103' title='bbox 729 2788 876 2854; x_wconf 85' lang='lat' dir='ltr'>exercitu</span> <span class='ocrx_word' id='word_1_104' title='bbox 902 2790 1086 2855; x_wconf 87' lang='lat' dir='ltr'>necessaria</span> <span class='ocrx_word' id='word_1_105' title='bbox 1107 2789 1218 2854; x_wconf 88' lang='lat' dir='ltr'>victus</span> <span class='ocrx_word' id='word_1_106' title='bbox 1243 2790 1286 2854; x_wconf 88' lang='lat' dir='ltr'>ad</span> <span class='ocrx_word' id='word_1_107' title='bbox 1313 2788 1384 2853; x_wconf 93' lang='lat' dir='ltr'>dies</span> <span class='ocrx_word' id='word_1_108' title='bbox 1406 2787 1563 2875; x_wconf 90' lang='lat' dir='ltr'>plurimos</span> <span class='ocrx_word' id='word_1_109' title='bbox 1592 2787 1715 2852; x_wconf 84' lang='lat' dir='ltr'>sibiet</span> 
     </span>
     <span class='ocr_line' id='line_1_17' title="bbox 663 2890 1715 2978; baseline -0.001 -22"><span class='ocrx_word' id='word_1_110' title='bbox 663 2892 861 2977; x_wconf 80' lang='lat' dir='ltr'>equitaturis</span> <span class='ocrx_word' id='word_1_111' title='bbox 882 2891 951 2956; x_wconf 88' lang='lat' dir='ltr'>suis</span> <span class='ocrx_word' id='word_1_112' title='bbox 974 2914 1048 2956; x_wconf 89' lang='lat' dir='ltr'>cum</span> <span class='ocrx_word' id='word_1_113' title='bbox 1070 2890 1259 2956; x_wconf 87' lang='lat' dir='ltr'>summariis</span> <span class='ocrx_word' id='word_1_114' title='bbox 1280 2912 1340 2978; x_wconf 91' lang='lat' dir='ltr'>per</span> <span class='ocrx_word' id='word_1_115' title='bbox 1362 2898 1485 2957; x_wconf 86' lang='lat' dir='ltr'>terram</span> <span class='ocrx_word' id='word_1_116' title='bbox 1506 2895 1637 2976; x_wconf 79' lang='lat' dir='ltr'>portare</span> <span class='ocrx_word' id='word_1_117' title='bbox 1658 2912 1715 2955; x_wconf 90' lang='lat' dir='ltr'>ne·</span> 
     </span>
     <span class='ocr_line' id='line_1_18' title="bbox 663 2993 1717 3080; baseline -0.002 -21"><span class='ocrx_word' id='word_1_118' title='bbox 663 2996 847 3080; x_wconf 85' lang='lat' dir='ltr'>quiverunt,</span> <span class='ocrx_word' id='word_1_119' title='bbox 863 2998 898 3058; x_wconf 87' lang='lat' dir='ltr'>et</span> <span class='ocrx_word' id='word_1_120' title='bbox 920 2993 1104 3080; x_wconf 87' lang='lat' dir='ltr'>specialiter</span> <span class='ocrx_word' id='word_1_121' title='bbox 1114 2998 1250 3080; x_wconf 78' lang='lat' dir='ltr'>propter</span> <span class='ocrx_word' id='word_1_122' title='bbox 1272 2993 1333 3058; x_wconf 92' lang='lat' dir='ltr'>hoc</span> <span class='ocrx_word' id='word_1_123' title='bbox 1355 2993 1392 3058; x_wconf 93' lang='lat' dir='ltr'>in</span> <span class='ocrx_word' id='word_1_124' title='bbox 1413 2998 1514 3080; x_wconf 86' lang='lat' dir='ltr'>portu</span> <span class='ocrx_word' id='word_1_125' title='bbox 1528 2993 1717 3060; x_wconf 86' lang='lat' dir='ltr'>Achonensi</span> 
     </span>
     <span class='ocr_line' id='line_1_19' title="bbox 662 3095 1716 3184; baseline 0 -23"><span class='ocrx_word' id='word_1_126' title='bbox 662 3120 764 3163; x_wconf 82' lang='lat' dir='ltr'>naves</span> <span class='ocrx_word' id='word_1_127' title='bbox 786 3102 991 3184; x_wconf 87' lang='lat' dir='ltr'>pararentur,</span> <span class='ocrx_word' id='word_1_128' title='bbox 1014 3118 1089 3181; x_wconf 84' lang='lat' dir='ltr'>quse</span> <span class='ocrx_word' id='word_1_129' title='bbox 1104 3095 1300 3161; x_wconf 78' lang='lat' dir='ltr'>victualium</span> <span class='ocrx_word' id='word_1_130' title='bbox 1327 3096 1454 3181; x_wconf 90' lang='lat' dir='ltr'>copiam</span> <span class='ocrx_word' id='word_1_131' title='bbox 1478 3096 1638 3161; x_wconf 84' lang='lat' dir='ltr'>exercitui</span> <span class='ocrx_word' id='word_1_132' title='bbox 1661 3096 1716 3161; x_wconf 91' lang='lat' dir='ltr'>de·</span> 
     </span>
     <span class='ocr_line' id='line_1_20' title="bbox 662 3199 1717 3285; baseline 0 -20"><span class='ocrx_word' id='word_1_133' title='bbox 662 3199 746 3266; x_wconf 87' lang='lat' dir='ltr'>ferre</span> <span class='ocrx_word' id='word_1_134' title='bbox 769 3200 944 3278; x_wconf 85' lang='lat' dir='ltr'>debebunt,</span> <span class='ocrx_word' id='word_1_135' title='bbox 958 3222 1034 3265; x_wconf 89' lang='lat' dir='ltr'>cum</span> <span class='ocrx_word' id='word_1_136' title='bbox 1050 3203 1178 3265; x_wconf 85' lang='lat' dir='ltr'>onustae</span> <span class='ocrx_word' id='word_1_137' title='bbox 1193 3199 1407 3278; x_wconf 86' lang='lat' dir='ltr'>velificarent,</span> <span class='ocrx_word' id='word_1_138' title='bbox 1423 3204 1559 3285; x_wconf 88' lang='lat' dir='ltr'>repento</span> <span class='ocrx_word' id='word_1_139' title='bbox 1580 3200 1717 3265; x_wconf 89' lang='lat' dir='ltr'>suborta</span> 
     </span>
    </p>

    <p class='ocr_par' dir='ltr' id='par_1_3' title="bbox 492 3302 1718 3394">
     <span class='ocr_line' id='line_1_21' title="bbox 492 3302 1718 3394; baseline 0.001 -29"><span class='ocrx_word' id='word_1_140' title='bbox 492 3314 613 3394; x_wconf 73' lang='lat' dir='ltr'>wantos</span> <span class='ocrx_word' id='word_1_141' title='bbox 662 3308 868 3390; x_wconf 83' lang='lat' dir='ltr'>tempestate,</span> <span class='ocrx_word' id='word_1_142' title='bbox 893 3325 950 3389; x_wconf 89' lang='lat' dir='ltr'>per</span> <span class='ocrx_word' id='word_1_143' title='bbox 973 3302 1029 3366; x_wconf 88' lang='lat' dir='ltr'>vii.</span> <span class='ocrx_word' id='word_1_144' title='bbox 1054 3302 1125 3367; x_wconf 89' lang='lat' dir='ltr'>dies</span> <span class='ocrx_word' id='word_1_145' title='bbox 1150 3302 1325 3367; x_wconf 88' lang='lat' dir='ltr'>continuos</span> <span class='ocrx_word' id='word_1_146' title='bbox 1355 3302 1538 3389; x_wconf 83' lang='lat' dir='ltr'>peregrinis</span> <span class='ocrx_word' id='word_1_147' title='bbox 1560 3302 1718 3367; x_wconf 85' lang='lat' dir='ltr'>victualia</span> 
     </span>
    </p>

    <p class='ocr_par' dir='ltr' id='par_1_4' title="bbox 493 3396 1714 3484">
     <span class='ocr_line' id='line_1_22' title="bbox 493 3396 1714 3484; baseline -0.002 -11"><span class='ocrx_word' id='word_1_148' title='bbox 493 3396 642 3446; x_wconf 55' lang='lat' dir='ltr'>mmm·</span> <span class='ocrx_word' id='word_1_149' title='bbox 661 3407 793 3473; x_wconf 86' lang='lat' dir='ltr'>fuerant</span> <span class='ocrx_word' id='word_1_150' title='bbox 808 3405 993 3470; x_wconf 84' lang='lat' dir='ltr'>interdicta</span> <span class='ocrx_word' id='word_1_151' title='bbox 1040 3405 1124 3470; x_wconf 86' lang='lat' dir='ltr'>Erat</span> <span class='ocrx_word' id='word_1_152' title='bbox 1140 3411 1251 3470; x_wconf 88' lang='lat' dir='ltr'>autem</span> <span class='ocrx_word' id='word_1_153' title='bbox 1266 3409 1348 3469; x_wconf 88' lang='lat' dir='ltr'>tunc</span> <span class='ocrx_word' id='word_1_154' title='bbox 1363 3405 1466 3470; x_wconf 88' lang='lat' dir='ltr'>timor</span> <span class='ocrx_word' id='word_1_155' title='bbox 1480 3405 1568 3470; x_wconf 88' lang='lat' dir='ltr'>inter</span> <span class='ocrx_word' id='word_1_156' title='bbox 1582 3406 1714 3484; x_wconf 88' lang='lat' dir='ltr'>multos,</span> 
     </span>
    </p>
   </div>
   <div class='ocr_carea' id='block_1_3' title="bbox 661 3506 1889 3595">
    <p class='ocr_par' dir='ltr' id='par_1_5' title="bbox 661 3506 1889 3595">
     <span class='ocr_line' id='line_1_23' title="bbox 661 3506 1889 3595; baseline -0.002 -20"><span class='ocrx_word' id='word_1_157' title='bbox 661 3532 703 3575; x_wconf 90' lang='lat' dir='ltr'>ne</span> <span class='ocrx_word' id='word_1_158' title='bbox 725 3508 829 3574; x_wconf 87' lang='lat' dir='ltr'>iratus</span> <span class='ocrx_word' id='word_1_159' title='bbox 851 3508 1012 3595; x_wconf 92' lang='lat' dir='ltr'>populum</span> <span class='ocrx_word' id='word_1_160' title='bbox 1035 3529 1133 3572; x_wconf 88' lang='lat' dir='ltr'>suum</span> <span class='ocrx_word' id='word_1_161' title='bbox 1156 3507 1265 3573; x_wconf 90' lang='lat' dir='ltr'>delere</span> <span class='ocrx_word' id='word_1_162' title='bbox 1280 3507 1383 3572; x_wconf 84' lang='lat' dir='ltr'>vellet</span> <span class='ocrx_word' id='word_1_163' title='bbox 1404 3506 1518 3573; x_wconf 78' lang='lat' dir='ltr'>Deua⁴</span> <span class='ocrx_word' id='word_1_164' title='bbox 1541 3508 1581 3573; x_wconf 92' lang='lat' dir='ltr'>de</span> <span class='ocrx_word' id='word_1_165' title='bbox 1603 3522 1889 3594; x_wconf 78' lang='lat' dir='ltr'>super-Rog.Woud.</span> 
     </span>
    </p>
   </div>
   <div class='ocr_carea' id='block_1_4' title="bbox 662 3589 1861 3697">
    <p class='ocr_par' dir='ltr' id='par_1_6' title="bbox 662 3589 1861 3697">
     <span class='ocr_line' id='line_1_24' title="bbox 662 3589 1861 3697; baseline -0.007 -21"><span class='ocrx_word' id='word_1_166' title='bbox 662 3612 734 3678; x_wconf 85' lang='lat' dir='ltr'>fieie</span> <span class='ocrx_word' id='word_1_167' title='bbox 749 3617 868 3692; x_wconf 82' lang='lat' dir='ltr'>terrae;</span> <span class='ocrx_word' id='word_1_168' title='bbox 891 3611 951 3675; x_wconf 92' lang='lat' dir='ltr'>sed</span> <span class='ocrx_word' id='word_1_169' title='bbox 972 3608 1152 3675; x_wconf 86' lang='lat' dir='ltr'>ineffabilis</span> <span class='ocrx_word' id='word_1_170' title='bbox 1176 3610 1352 3675; x_wconf 89' lang='lat' dir='ltr'>clementia</span> <span class='ocrx_word' id='word_1_171' title='bbox 1367 3609 1441 3691; x_wconf 91' lang='lat' dir='ltr'>Dei,</span> <span class='ocrx_word' id='word_1_172' title='bbox 1457 3633 1533 3697; x_wconf 83' lang='lat' dir='ltr'>quse</span> <span class='ocrx_word' id='word_1_173' title='bbox 1548 3611 1714 3676; x_wconf 91' lang='lat' dir='ltr'>neminem</span> <span class='ocrx_word' id='word_1_174' title='bbox 1755 3589 1789 3640; x_wconf 78' lang='lat' dir='ltr'>iv.</span> <span class='ocrx_word' id='word_1_175' title='bbox 1804 3592 1861 3641; x_wconf 78' lang='lat'><strong>¹⁷⁰·</strong></span> 
     </span>
    </p>
   </div>
   <div class='ocr_carea' id='block_1_5' title="bbox 643 3712 1737 4603">
    <p class='ocr_par' dir='ltr' id='par_1_7' title="bbox 643 3712 1737 4603">
     <span class='ocr_line' id='line_1_25' title="bbox 662 3712 1716 3801; baseline -0.002 -21"><span class='ocrx_word' id='word_1_176' title='bbox 662 3714 822 3801; x_wconf 86' lang='lat' dir='ltr'>temptari</span> <span class='ocrx_word' id='word_1_177' title='bbox 853 3712 1021 3800; x_wconf 85' lang='lat' dir='ltr'>permittit</span> <span class='ocrx_word' id='word_1_178' title='bbox 1053 3713 1143 3778; x_wconf 86' lang='lat' dir='ltr'>ultra</span> <span class='ocrx_word' id='word_1_179' title='bbox 1169 3734 1269 3799; x_wconf 82' lang='lat' dir='ltr'>quum</span> <span class='ocrx_word' id='word_1_180' title='bbox 1302 3714 1464 3779; x_wconf 87' lang='lat' dir='ltr'>sustinere</span> <span class='ocrx_word' id='word_1_181' title='bbox 1490 3718 1609 3801; x_wconf 87' lang='lat' dir='ltr'>potest,</span> <span class='ocrx_word' id='word_1_182' title='bbox 1640 3719 1716 3778; x_wconf 89' lang='lat' dir='ltr'>tan-</span> 
     </span>
     <span class='ocr_line' id='line_1_26' title="bbox 643 3815 1717 3903; baseline -0.002 -21"><span class='ocrx_word' id='word_1_183' title='bbox 643 3818 739 3882; x_wconf 91' lang='lat' dir='ltr'>dem</span> <span class='ocrx_word' id='word_1_184' title='bbox 762 3816 958 3882; x_wconf 89' lang='lat' dir='ltr'>clamoribus</span> <span class='ocrx_word' id='word_1_185' title='bbox 980 3815 1160 3880; x_wconf 80' lang='lat' dir='ltr'>lacrimosis</span> <span class='ocrx_word' id='word_1_186' title='bbox 1174 3815 1323 3880; x_wconf 91' lang='lat' dir='ltr'>fidelium</span> <span class='ocrx_word' id='word_1_187' title='bbox 1345 3817 1518 3896; x_wconf 82' lang='lat' dir='ltr'>excitatus,</span> <span class='ocrx_word' id='word_1_188' title='bbox 1539 3816 1717 3903; x_wconf 87' lang='lat' dir='ltr'>imperavit</span> 
     </span>
     <span class='ocr_line' id='line_1_27' title="bbox 663 3917 1716 4006; baseline -0.002 -23"><span class='ocrx_word' id='word_1_189' title='bbox 663 3923 773 3985; x_wconf 87' lang='lat' dir='ltr'>ventis</span> <span class='ocrx_word' id='word_1_190' title='bbox 805 3923 841 3984; x_wconf 89' lang='lat' dir='ltr'>et</span> <span class='ocrx_word' id='word_1_191' title='bbox 872 3918 966 3998; x_wconf 86' lang='lat' dir='ltr'>mari,</span> <span class='ocrx_word' id='word_1_192' title='bbox 989 3923 1023 3983; x_wconf 89' lang='lat' dir='ltr'>et</span> <span class='ocrx_word' id='word_1_193' title='bbox 1057 3917 1146 3983; x_wconf 84' lang='lat' dir='ltr'>facta</span> <span class='ocrx_word' id='word_1_194' title='bbox 1176 3923 1227 3981; x_wconf 89' lang='lat' dir='ltr'>est</span> <span class='ocrx_word' id='word_1_195' title='bbox 1249 3918 1475 4004; x_wconf 88' lang='lat' dir='ltr'>tranquillitas</span> <span class='ocrx_word' id='word_1_196' title='bbox 1498 3940 1621 4006; x_wconf 86' lang='lat' dir='ltr'>magna</span> <span class='ocrx_word' id='word_1_197' title='bbox 1668 3917 1716 3982; x_wconf 85' lang='lat' dir='ltr'>Et</span> 
     </span>
     <span class='ocr_line' id='line_1_28' title="bbox 663 4019 1718 4106; baseline -0.002 -20"><span class='ocrx_word' id='word_1_198' title='bbox 663 4022 831 4100; x_wconf 88' lang='lat' dir='ltr'>continuo,</span> <span class='ocrx_word' id='word_1_199' title='bbox 848 4019 990 4085; x_wconf 90' lang='lat' dir='ltr'>ducente</span> <span class='ocrx_word' id='word_1_200' title='bbox 1012 4019 1168 4097; x_wconf 91' lang='lat' dir='ltr'>Domino,</span> <span class='ocrx_word' id='word_1_201' title='bbox 1182 4019 1278 4084; x_wconf 89' lang='lat' dir='ltr'>venit</span> <span class='ocrx_word' id='word_1_202' title='bbox 1300 4020 1390 4106; x_wconf 88' lang='lat' dir='ltr'>apud</span> <span class='ocrx_word' id='word_1_203' title='bbox 1412 4021 1436 4084; x_wconf 88' lang='lat' dir='ltr'><strong>J</strong></span> <span class='ocrx_word' id='word_1_204' title='bbox 1437 4042 1522 4106; x_wconf 91' lang='lat' dir='ltr'>open</span> <span class='ocrx_word' id='word_1_205' title='bbox 1543 4021 1718 4085; x_wconf 91' lang='lat' dir='ltr'>innumera</span> 
     </span>
     <span class='ocr_line' id='line_1_29' title="bbox 663 4120 1718 4210; baseline -0.001 -22"><span class='ocrx_word' id='word_1_206' title='bbox 663 4125 799 4190; x_wconf 89' lang='lat' dir='ltr'>navium</span> <span class='ocrx_word' id='word_1_207' title='bbox 816 4123 1007 4201; x_wconf 87' lang='lat' dir='ltr'>multitudo,</span> <span class='ocrx_word' id='word_1_208' title='bbox 1031 4145 1105 4188; x_wconf 89' lang='lat' dir='ltr'>eum</span> <span class='ocrx_word' id='word_1_209' title='bbox 1126 4123 1258 4209; x_wconf 83' lang='lat' dir='ltr'>ingenti</span> <span class='ocrx_word' id='word_1_210' title='bbox 1273 4124 1367 4210; x_wconf 87' lang='lat' dir='ltr'>eopia</span> <span class='ocrx_word' id='word_1_211' title='bbox 1388 4122 1558 4201; x_wconf 87' lang='lat' dir='ltr'>frumenti,</span> <span class='ocrx_word' id='word_1_212' title='bbox 1578 4120 1718 4202; x_wconf 80' lang='lat' dir='ltr'>hordei,⁶</span> 
     </span>
     <span class='ocr_line' id='line_1_30' title="bbox 661 4225 1718 4313; baseline -0.001 -22"><span class='ocrx_word' id='word_1_213' title='bbox 661 4227 741 4305; x_wconf 86' lang='lat' dir='ltr'>vini,</span> <span class='ocrx_word' id='word_1_214' title='bbox 770 4232 805 4293; x_wconf 91' lang='lat' dir='ltr'>et</span> <span class='ocrx_word' id='word_1_215' title='bbox 834 4226 925 4291; x_wconf 92' lang='lat' dir='ltr'>omni</span> <span class='ocrx_word' id='word_1_216' title='bbox 950 4247 1070 4313; x_wconf 90' lang='lat' dir='ltr'>genere</span> <span class='ocrx_word' id='word_1_217' title='bbox 1095 4225 1302 4305; x_wconf 86' lang='lat' dir='ltr'>victualium,</span> <span class='ocrx_word' id='word_1_218' title='bbox 1326 4227 1376 4291; x_wconf 87' lang='lat' dir='ltr'>ita</span> <span class='ocrx_word' id='word_1_219' title='bbox 1409 4227 1498 4313; x_wconf 90' lang='lat' dir='ltr'>quod</span> <span class='ocrx_word' id='word_1_220' title='bbox 1527 4226 1718 4291; x_wconf 89' lang='lat' dir='ltr'>indeficiens</span> 
     </span>
     <span class='ocr_line' id='line_1_31' title="bbox 661 4325 1718 4416; baseline -0.001 -21"><span class='ocrx_word' id='word_1_221' title='bbox 661 4325 893 4395; x_wconf 76' lang='lat' dir='ltr'>abundantia⁸</span> <span class='ocrx_word' id='word_1_222' title='bbox 914 4328 980 4393; x_wconf 86' lang='lat' dir='ltr'>fnit</span> <span class='ocrx_word' id='word_1_223' title='bbox 997 4350 1124 4416; x_wconf 89' lang='lat' dir='ltr'>semper</span> <span class='ocrx_word' id='word_1_224' title='bbox 1139 4329 1175 4392; x_wconf 93' lang='lat' dir='ltr'>in</span> <span class='ocrx_word' id='word_1_225' title='bbox 1189 4328 1347 4407; x_wconf 84' lang='lat' dir='ltr'>exercitu,</span> <span class='ocrx_word' id='word_1_226' title='bbox 1363 4351 1466 4415; x_wconf 84' lang='lat' dir='ltr'>usque</span> <span class='ocrx_word' id='word_1_227' title='bbox 1481 4330 1525 4395; x_wconf 86' lang='lat' dir='ltr'>ad</span> <span class='ocrx_word' id='word_1_228' title='bbox 1539 4329 1718 4416; x_wconf 82' lang='lat' dir='ltr'>perfectam</span> 
     </span>
     <span class='ocr_line' id='line_1_32' title="bbox 660 4431 1737 4520; baseline 0.003 -21"><span class='ocrx_word' id='word_1_229' title='bbox 660 4434 948 4500; x_wconf 87' lang='lat' dir='ltr'>reaedificationem</span> <span class='ocrx_word' id='word_1_230' title='bbox 981 4433 1080 4497; x_wconf 85' lang='lat' dir='ltr'>castri</span> <span class='ocrx_word' id='word_1_231' title='bbox 1121 4432 1302 4498; x_wconf 80' lang='lat' dir='ltr'>memorati.</span> <span class='ocrx_word' id='word_1_232' title='bbox 1360 4431 1403 4496; x_wconf 91' lang='lat' dir='ltr'>In</span> <span class='ocrx_word' id='word_1_233' title='bbox 1444 4455 1510 4519; x_wconf 90' lang='lat' dir='ltr'>qua</span> <span class='ocrx_word' id='word_1_234' title='bbox 1546 4433 1737 4520; x_wconf 88' lang='lat' dir='ltr'>episcopus.</span> 
     </span>
     <span class='ocr_line' id='line_1_33' title="bbox 661 4535 1290 4603; baseline -0.003 0"><span class='ocrx_word' id='word_1_235' title='bbox 661 4537 904 4603; x_wconf 85' lang='lat' dir='ltr'>Wintoniensis</span> <span class='ocrx_word' id='word_1_236' title='bbox 926 4535 1011 4600; x_wconf 90' lang='lat' dir='ltr'>nulli</span> <span class='ocrx_word' id='word_1_237' title='bbox 1032 4535 1098 4600; x_wconf 90' lang='lat' dir='ltr'>fuit</span> <span class='ocrx_word' id='word_1_238' title='bbox 1119 4535 1290 4601; x_wconf 80' lang='lat' dir='ltr'>secundus</span> 
     </span>
    </p>
   </div>
   <div class='ocr_carea' id='block_1_6' title="bbox 694 4813 1702 5040">
    <p class='ocr_par' dir='ltr' id='par_1_8' title="bbox 694 4813 1702 5040">
     <span class='ocr_line' id='line_1_34' title="bbox 695 4813 1520 4882; baseline 0 -16"><span class='ocrx_word' id='word_1_239' title='bbox 695 4816 811 4882; x_wconf 71' lang='grc' dir='ltr'>Ι11111111]</span> <span class='ocrx_word' id='word_1_240' title='bbox 831 4815 978 4866; x_wconf 79' lang='lat' dir='ltr'>Interlined</span> <span class='ocrx_word' id='word_1_241' title='bbox 1249 4815 1258 4844; x_wconf 85' lang='lat'>⁴</span> <span class='ocrx_word' id='word_1_242' title='bbox 1270 4813 1355 4879; x_wconf 81' lang='lat' dir='ltr'>Deua]</span> <span class='ocrx_word' id='word_1_243' title='bbox 1374 4813 1520 4866; x_wconf 84' lang='lat' dir='ltr'>Interlined.</span> 
     </span>
     <span class='ocr_line' id='line_1_35' title="bbox 694 4892 1532 4961; baseline 0.001 -17"><span class='ocrx_word' id='word_1_244' title='bbox 694 4893 875 4961; x_wconf 71' lang='lat' dir='ltr'>’copnooissetJ</span> <span class='ocrx_word' id='word_1_245' title='bbox 894 4893 1079 4959; x_wconf 73' lang='lat' dir='ltr'>congnovisset,</span> <span class='ocrx_word' id='word_1_246' title='bbox 1090 4892 1148 4946; x_wconf 80' lang='lat' dir='ltr'>MS.</span> <span class='ocrx_word' id='word_1_247' title='bbox 1251 4892 1365 4959; x_wconf 66' lang='lat' dir='ltr'>‘lordess</span> <span class='ocrx_word' id='word_1_248' title='bbox 1384 4894 1463 4954; x_wconf 84' lang='lat' dir='ltr'>ordei,</span> <span class='ocrx_word' id='word_1_249' title='bbox 1474 4894 1532 4945; x_wconf 85' lang='lat' dir='ltr'>MS.</span> 
     </span>
     <span class='ocr_line' id='line_1_36' title="bbox 695 4971 1702 5040; baseline 0.001 -17"><span class='ocrx_word' id='word_1_250' title='bbox 695 4973 877 5040; x_wconf 65' lang='lat' dir='ltr'>’approbaviq</span> <span class='ocrx_word' id='word_1_251' title='bbox 896 4972 1035 5038; x_wconf 77' lang='lat' dir='ltr'>apprbavit,</span> <span class='ocrx_word' id='word_1_252' title='bbox 1046 4971 1102 5023; x_wconf 86' lang='lat' dir='ltr'>MS.</span> <span class='ocrx_word' id='word_1_253' title='bbox 1249 4971 1437 5039; x_wconf 56' lang='lat' dir='ltr'>‘chundonem</span> <span class='ocrx_word' id='word_1_254' title='bbox 1456 4974 1634 5036; x_wconf 81' lang='lat' dir='ltr'>habundantia,</span> <span class='ocrx_word' id='word_1_255' title='bbox 1645 4973 1702 5024; x_wconf 85' lang='lat' dir='ltr'>MS.</span> 
     </span>
    </p>
   </div>
   <div class='ocr_carea' id='block_1_7' title="bbox 0 0 2266 6420">
    <p class='ocr_par' dir='ltr' id='par_1_9' title="bbox 0 0 2266 6420">
     <span class='ocr_line' id='line_1_37' title="bbox 0 0 2266 6420; baseline 0 0"><span class='ocrx_word' id='word_1_256' title='bbox 0 0 2266 6420; x_wconf 95' lang='lat' dir='ltr'> </span> 
     </span>
    </p>
   </div>
  </div>
 </body>
</html>
