4517 6425
640 1167 704 1230 218
765 1178 932 1229 minuar
956 1177 1169 1231 raars1ms1s
1193 1182 1358 1233 maroam
1380 1182 1580 1234 mesonma

469 1364 624 1419 A.D.1217.
637 1356 856 1423 mnnieantur.
902 1356 969 1437 Qui
991 1379 1051 1423 nos
1073 1358 1175 1446 eoepit
1192 1357 1311 1445 juvare
1335 1359 1435 1440 Deus,
1462 1383 1529 1426 non
1553 1359 1711 1426 derelin.

638 1466 725 1545 quet.
772 1459 994 1546 Aoeingimini
1016 1461 1128 1547 igitur,
1152 1466 1187 1527 et
1217 1464 1392 1549 sequimini
1424 1486 1476 1530 me
1507 1464 1713 1551 praeoeden-.

638 1568 707 1630 tem
730 1584 841 1629 omnes
864 1563 951 1650 regis
985 1569 1019 1628 et
1050 1564 1145 1651 regni
1176 1565 1289 1631 fideles
1305 1566 1340 1632 !’'
1386 1566 1450 1634 cui
1473 1568 1712 1643 Mareseallna.

638 1666 753 1731 “Non
775 1688 848 1731 sum
871 1665 965 1731 miles
992 1668 1100 1745 maris,
1123 1668 1182 1734 sed
1205 1666 1327 1734 terree.'’
1373 1668 1536 1735 Similiter
1557 1669 1711 1737 comites.
1740 1744 1741 1747 Ἴ

638 1774 673 1834 et
703 1768 842 1834 barones
876 1774 911 1835 et
944 1769 1114 1857 episeopus
1150 1770 1388 1837 Wintoniensis
1422 1771 1584 1853 dioebant,
1618 1795 1710 1840 cum·

637 1871 892 1959 aliis,'quoniam
915 1894 983 1936 non
1004 1871 1190 1959 piscatores,
1206 1871 1291 1938 n0n¹
1316 1873 1434 1961 piratae
1457 1879 1562 1956 erant,
1577 1884 1711 1941 “nun-·

637 1996 736 2060 quam
758 1973 916 2060 proeellas
938 1978 997 2039 aut
1020 1974 1144 2040 bellum
1174 1975 1293 2040 navale
1324 1976 1559 2064 experiemur.’'
1616 1977 1711 2042 Hu-·

636 2077 750 2142 bertus
771 2076 877 2163 igitur
899 2076 1013 2141 dolens
1035 2075 1076 2142 de
1096 2076 1346 2144 formidolosum
1368 2079 1538 2167 responsis,
1553 2080 1709 2146 divertit.

635 2202 751 2267 parum
777 2203 798 2244 a
822 2179 903 2260 loeo,
930 2180 1023 2245 etin
1045 2184 1169 2246 secreto
1196 2180 1374 2248 advocavit
1397 2181 1529 2262 Lucam,
1554 2181 1710 2270 capella.

636 2305 717 2347 num
739 2287 774 2348 et
795 2281 1012 2348 confessorem
1034 2305 1151 2364 suum;
1189 2289 1223 2349 et
1246 2283 1411 2351 confessus
1429 2286 1533 2372 plene,
1549 2281 1707 2372 aooeptisss

636 2384 818 2471 disciplinis
840 2406 944 2471 usque
971 2385 1014 2449 ad
1036 2387 1299 2452 cruentationem
1323 2393 1359 2453 et
1379 2388 1526 2467 livorem,
1549 2410 1617 2454 sese
1640 2412 1709 2453 sa·-

635 2489 737 2554 lutan'
751 2488 873 2553 viatico
896 2488 1119 2575 praemunivit.
1159 2488 1205 2553 Et
1226 2496 1341 2576 postea
1365 2490 1506 2557 induem
1521 2491 1709 2557 audaciam.

635 2591 808 2669 leoninam,
824 2591 904 2657 feeit
926 2591 1081 2657 advocari
1104 2591 1243 2679 majores
1266 2593 1307 2659 de
1329 2598 1445 2670 eastre,
1464 2593 1584 2679 quibus
1606 2593 1710 2659 illud.

397 2731 400 2736 ,
468 2709 623 2776 {Noadie-
636 2693 888 2760 custodiendum
920 2693 1137 2773 commiserat,
1162 2699 1197 2759 et
1227 2695 1276 2759 ait
1302 2695 1378 2772 illis,
1411 2704 1427 2731 “
1442 2696 1603 2764 Obtestor
1632 2719 1708 2784 per.

467 2785 606 2896 mile.
635 2797 829 2885 sanguinem
843 2796 950 2862 Jhesu
965 2795 1101 2877 Christi,
1126 2801 1165 2861 ut
1187 2797 1216 2862 si
1238 2797 1324 2863 forte
1346 2798 1464 2885 capiar,
1486 2800 1708 2886 permittatis3

635 2922 688 2965 me
721 2899 877 2986 suspendi
908 2903 943 2964 et
976 2899 1066 2963 omni
1097 2920 1216 2985 genere
1245 2900 1361 2965 mortis
1384 2901 1478 2983 affici,
1502 2907 1707 2988 antequam.

635 3002 736 3068 etiarn
768 3023 821 3067 me
853 3002 1062 3078 acclamante,
1099 3001 1282 3079 ‘Miserere
1306 3004 1458 3068 miserere
1491 3004 1557 3069 mei
1571 3004 1593 3067 1’
1620 3026 1707 3069 cas.

634 3113 726 3191 trum
748 3104 809 3171 hoe
832 3104 931 3170 alicui
954 3104 1082 3169 Franco
1105 3103 1259 3170 reddatis.
1308 3104 1421 3171 Oloris
1445 3107 1533 3172 enim
1555 3106 1708 3195 Angliae:

635 3216 685 3276 est
708 3214 742 3275 et
764 3206 982 3296 repagulum.”
1029 3206 1099 3294 Ipsi
1124 3214 1235 3274 autem
1259 3207 1385 3288 flentes,
1406 3209 1470 3275 fide
1493 3208 1708 3299 interposita.

634 3335 673 3378 ae
703 3313 853 3399 praestito
874 3310 1074 3400 juramento,
1105 3309 1167 3375 hoo
1201 3310 1265 3399 ipsi
1298 3312 1355 3377 sed
1379 3310 1439 3377 vix
1469 3317 1582 3378 tamen
1614 3336 1707 3381 oon·.

634 3422 809 3483 cesserunt.

814 3651 852 3717 N
850 3657 905 3718 oto
927 3648 1051 3717 bellum
1073 3649 1197 3716 novole
1220 3647 1508 3718 amantissimam

466 3824 566 3875 nubere
679 3806 831 3894 Aeeeptis
863 3805 969 3892 igitur
993 3803 1176 3892 praeelectis
1197 3823 1307 3868 seeum
1337 3803 1510 3881 militibus,
1535 3803 1707 3868 videlieet.

466 3894 590 4010 {ml}
636 3909 782 3974 Henrico
803 3910 843 3973 de
866 3907 1070 3972 Trublevilla
1091 3911 1126 3972 et
1150 3906 1292 3971 Ricardo
1316 3905 1431 3982 Suard,
1455 3928 1529 3970 oum
1553 3905 1706 3991 quibua.

466 4026 514 4075 sau
529 4035 556 4075 to
635 4013 712 4078 dam
734 4011 808 4076 aliis
832 4011 954 4097 paneis,
970 4031 1110 4096 quorum
1126 4010 1254 4074 animos
1276 4008 1374 4074 novit
1397 4012 1432 4073 et
1454 4009 1703 4087 constantiam„

466 4100 603 4144 ⁰⁰⁰⁰¹¹¹¹t⁹¹
634 4116 670 4178 in
694 4113 854 4200 optimam
875 4111 1018 4178 navem²
1041 4111 1184 4192 intrans,
1206 4111 1255 4176 ait
1270 4133 1368 4199 super
1380 4110 1460 4176 litus
1482 4111 1706 4199 expectanti.

633 4217 695 4282 bus
717 4215 937 4302 magnatibus,
961 4213 1027 4280 “Si
1043 4215 1153 4279 hostes
1176 4214 1216 4279 de
1238 4213 1336 4278 nobis
1351 4234 1449 4300 super
1462 4235 1553 4278 mare
1568 4214 1707 4281 trium-2

632 4318 818 4407 phaverint,
834 4319 977 4405 excipite
1000 4339 1054 4383 eos
1076 4317 1113 4381 in
1137 4338 1191 4382 ore
1213 4315 1316 4403 gladii
1331 4338 1429 4403 super
1442 4315 1568 4382 aridam
1583 4317 1706 4403 appli.

633 4428 745 4490 eantea
767 4421 842 4500 eito,
869 4423 950 4488 dum
976 4421 1165 4508 fatigantur
1186 4423 1221 4484 et
1243 4424 1421 4504 antequam
1443 4419 1563 4485 armati
1587 4441 1706 4505 equosr

633 4530 753 4593 stratos
784 4525 974 4603 ascendant,
998 4529 1038 4590 ut
1066 4545 1128 4589 neo
1154 4544 1242 4588 unus
1271 4544 1386 4588 eorum
1418 4521 1563 4589 evadat.³
1619 4523 1704 4588 Vos.

632 4637 745 4697 autem
759 4633 921 4708 nostrum,
932 4628 1056 4694 scilieet
1070 4627 1212 4692 fratrum
1228 4631 1423 4704 vestrorum,
1435 4627 1629 4712 sanguinem
1645 4627 1705 4692 de.

466 4160 509 4210 the
520 4176 620 4226 enemy.

667 4899 752 4964 ιποθι]
771 4913 826 4957 nee,
838 4897 868 4945 Ε.
1181 4894 1245 4942 been
1271 4893 1361 4954 added,
1390 4895 1441 4943 end
1469 4909 1521 4944 was
1548 4892 1687 4960 originally

668 4976 787 5041 mean]
806 4973 935 5038 Repented
950 4971 986 5035 by
1001 4985 1079 5032 error,
1094 4971 1139 5021 bnt
1181 4971 1280 5022 written
1292 4987 1324 5021 on
1335 4973 1378 5022 the
1395 4981 1458 5026 next
1474 4973 1534 5036 line,
1546 4974 1592 5026 but
1608 4974 1684 5026 aster·

634 5056 800 5109 underseored
812 5054 852 5103 for
863 5050 992 5102 omission.
1181 5052 1264 5102 warda
1275 5052 1370 5102 erased.

668 5130 791 5198 ’evadatj
818 5132 875 5182 The
893 5130 943 5182 laet
965 5128 1071 5194 syllable
1093 5128 1140 5178 has
