4517 6425
746 1157 813 1220 452
873 1168 1040 1219 narrum
1063 1165 1278 1217 rsmsrarssm
1300 1163 1465 1214 maroam
1488 1163 1691 1214 morosum

583 1521 652 1575 Μ).
667 1528 738 1575 12⁴1.
791 1471 903 1601 Goploe
933 1520 1017 1580 scat
1040 1519 1167 1600 treccpoe
1188 1511 1282 1579 irater
1305 1510 1498 1580 Solduaaom
1519 1507 1712 1576 Babilocc‘ae
1738 1511 1770 1574 et

909 1615 1131 1697 Christianos,
1155 1637 1220 1704 per
1243 1615 1397 1683 cmnitem
1419 1612 1621 1684 Ricarricau.

585 1829 669 1881 nuce
797 1805 1016 1895 Temporibus
1038 1826 1169 1893 quoque
1191 1804 1253 1871 sub
1276 1804 1399 1871 eisdem
1422 1802 1588 1870 Soldanus
1618 1800 1802 1868 Babiloniae

585 1897 721 2013 2⁸22&
753 1909 955 1997 significavit
977 1908 1092 1975 comiti
1115 1908 1266 1985 Ricardo,
1288 1907 1386 1994 quod,
1408 1907 1438 1972 si
1451 1902 1576 1973 vellet¹
1601 1906 1671 1994 ipse
1692 1925 1802 1970 eomes

587 2030 723 2081 Solones
753 2014 867 2080 etalii
891 2012 1159 2079 Christianorum
1188 2017 1368 2100 magnates,
1392 2010 1535 2077 libenter
1564 2015 1698 2096 treugas
1719 2006 1803 2073 acci·

587 2097 704 2214 ffiffi
753 2122 853 2204 peret.
900 2116 996 2197 Quod
1018 2138 1125 2182 comes
1149 2113 1291 2193 annuit,²
1306 2116 1386 2180 dum
1400 2114 1499 2179 modo
1521 2114 1667 2201 prisones
1688 2116 1803 2198 captos

587 2230 708 2282 Riehsm
753 2220 841 2306 apud
864 2218 998 2300 Gazam,
1020 2217 1175 2285 videlieet
1207 2216 1358 2295 Francos,
1389 2217 1589 2283 restitueret
1636 2213 1733 2296 Quod
1766 2217 1803 2279 et

752 2322 879 2389 factum
901 2325 961 2387 est.
1004 2319 1121 2389 Oomes
1144 2320 1257 2408 igitur,
1272 2320 1405 2387 firmato
1427 2323 1536 2385 castro
1559 2319 1600 2385 de
1616 2313 1802 2395 Ascalone,8

753 2424 812 2491 ubi
833 2424 986 2512 exposuit
1008 2424 1120 2490 decem
1135 2422 1228 2488 milia
1242 2444 1439 2503 marcarum,
1451 2423 1596 2489 reditum
1611 2419 1802 2486 maturavit

754 2528 797 2592 In
812 2526 918 2593 forma
939 2531 1050 2592 autem
1073 2530 1267 2613 treugarum
1289 2524 1457 2592 restitutae
1477 2530 1565 2603 sunt,
1581 2528 1703 2611 praeter
1724 2544 1802 2609 cap

755 2630 851 2707 tivos,
875 2633 982 2708 terrae,
1006 2650 1080 2715 quae
1102 2629 1140 2693 in
1163 2626 1302 2714 epistola
1332 2627 1462 2693 comitis
1492 2626 1639 2716 ejusdem
1672 2626 1803 2713 plenius

673 2793 675 2797 .
754 2737 967 2808 annotantur,
985 2754 1060 2819 quae
1082 2732 1119 2796 in
1135 2730 1267 2797 Rutulis
1288 2730 1470 2797 multorum
1493 2729 1693 2796 annotatur.⁴
1739 2728 1804 2793 Die

616 2861 714 2927 nMay.
755 2836 860 2923 igitur
889 2834 1100 2901 Inventionis
1134 2839 1258 2901 sanctae
1291 2833 1406 2901 Crucis
1440 2856 1546 2901 comes
1568 2855 1671 2900 naves
1692 2853 1804 2898 ascen·

588 2944 701 2995 Richard
754 2938 845 3018 dens,
868 2938 985 3025 pelago
1007 2960 1042 3003 ae
1073 2936 1245 3015 commisit,
1277 2942 1312 3003 et
1341 2936 1378 3002 in
1411 2936 1534 3018 Sicilia,
1565 2937 1602 3002 in
1632 2942 1731 3023 portu
1761 2935 1803 3001 de

587 3012 723 3129 fflffi,
754 3041 877 3127 Trapes
901 3062 1055 3128 prospere
1078 3040 1246 3127 applicuit
1293 3038 1364 3106 Ubi
1396 3039 1529 3106 audivit
1561 3039 1717 3127 lugubres
1748 3060 1803 3103 ru·

587 3145 715 3211 insieiry.
754 3165 868 3222 mores,
892 3143 1057 3225 videlieet,
1081 3143 1170 3231 quod
1201 3165 1262 3208 rex
1292 3142 1503 3223 Francorum,
1525 3142 1693 3210 reddendo
1715 3142 1804 3206 mala

755 3268 814 3334 pro
836 3246 941 3325 bonis,
974 3246 1168 3312 contulisset
1201 3247 1396 3313 comitatum
1422 3246 1584 3313 Pictaviae
1605 3246 1701 3312 fratri
1731 3267 1803 3326 suo,

754 3350 818 3416 sibi
838 3349 930 3437 prius
944 3370 1138 3416 eoncessum.
1183 3349 1345 3416 Similiter
1360 3351 1400 3416 de
1415 3351 1566 3438 captione
1581 3351 1802 3438 praelatorum,

755 3459 790 3519 et
822 3453 863 3518 de
895 3450 1098 3540 augmento⁶
1121 3452 1190 3518 odii
1214 3456 1249 3519 et
1282 3475 1409 3540 guerrae
1432 3454 1520 3519 inter
1542 3475 1663 3541 papam
1686 3453 1805 3518 etim·

587 3580 707 3632 nononis
753 3560 948 3643 peratorem.
1009 3554 1086 3622 Cito
1122 3554 1229 3643 igitur
1267 3557 1408 3622 occurrit
1449 3555 1638 3643 imperator,
1681 3554 1805 3622 faciens

587 3648 712 3778 ffiglm
755 3658 870 3725 comiti
893 3657 1064 3724 inauditos
1086 3657 1227 3724 honores
1249 3664 1283 3724 et
1304 3658 1473 3736 beneficia,
1497 3664 1531 3725 et
1554 3659 1653 3724 simul
1676 3659 1712 3723 in
1735 3658 1803 3747 epi-

588 3797 709 3846 empesor.
755 3761 849 3828 stolis
871 3764 907 3827 et
928 3759 1261 3837 sermocinationibus
1283 3759 1602 3828 conrecreabantur.⁰
1646 3763 1693 3828 Et
1713 3761 1805 3827 locu·

587 3848 711 3966 {mm
756 3869 811 3931 tus
845 3869 897 3931 est
928 3885 1034 3930 comes
1066 3884 1141 3930 cum
1171 3885 1281 3930 sorore
1315 3886 1383 3941 suo,
1408 3864 1617 3952 imperatrice
1639 3863 1804 3944 Ysabella,

588 3983 701 4034 romare
756 3968 844 4055 quod
882 3966 1025 4032 multum
1059 3966 1313 4033 desideraverat.
1377 3967 1423 4033 Et
1452 3967 1571 4033 missus
1608 3973 1660 4033 ost
1697 3988 1805 4033 comes

588 4049 725 4165 {ffibtfi'e
756 4069 967 4156 interipsum
983 4068 1216 4156 imperatorem
1239 4074 1275 4135 et
1297 4091 1427 4156 papam,
1450 4074 1490 4135 nt
1512 4090 1625 4157 paoem
1648 4068 1804 4135 reforma-

589 4196 704 4245 emperor

589 4250 722 4314 andpope.
758 4272 1038 4281 ——--—-——⁴·-

791 4398 797 4429 ¹
818 4394 899 4463 reflat]
918 4395 976 4447 'l'be
992 4395 1041 4447 last
1058 4395 1165 4461 syllable
1185 4395 1258 4446 ison
1305 4397 1349 4447 the
1360 4402 1411 4447 two
1422 4397 1472 4448 last
1482 4398 1608 4463 syllables,
1619 4398 1704 4451 which
1714 4414 1758 4451 are
1769 4416 1804 4451 on

757 4491 908 4529 summare
1303 4490 1338 4527 an
1360 4491 1467 4528 erasure.
1501 4476 1558 4528 The
1577 4485 1640 4541 text,
1660 4493 1688 4529 ss
1703 4487 1731 4530 at
1748 4479 1806 4532 first

790 4556 918 4623 ’annaiq
938 4556 979 4608 On
991 4570 1024 4607 an
1041 4570 1149 4607 erasure.
1183 4555 1259 4606 Some
1305 4555 1414 4615 written,
1431 4558 1504 4608 made
1523 4556 1590 4618 thus,
1617 4559 1642 4606 in
1661 4557 1723 4608 libro
1742 4561 1805 4610 scri·

757 4638 840 4687 worda
857 4637 957 4687 written
974 4636 1002 4685 in
1019 4635 1061 4687 the
1077 4634 1178 4702 margin
1194 4635 1259 4686 hare
1305 4634 1371 4684 bitur
1379 4634 1645 4702 Snp[p]leasentorara.
1666 4637 1722 4689 The
1730 4639 1806 4691 letter

759 4718 885 4769 alaobeen
897 4716 993 4768 mse&
1305 4714 1336 4765 of
1342 4715 1394 4766 earl
1401 4714 1515 4766 Ricbmrl
1525 4715 1548 4766 is
1559 4724 1604 4766 not
1614 4717 1641 4766 iu
1649 4718 1693 4768 the
1701 4722 1717 4746 “
1726 4718 1805 4770 Liber

791 4793 1259 4861 ¹Axaom1wstanntama-
1304 4793 1567 4855 ssnamenamms·
1599 4796 1644 4847 sut
1670 4797 1697 4846 ru
1725 4798 1756 4849 Β.
1773 4798 1802 4851 c.
1919 4822 1921 4826 2

757 4875 848 4927 calone.
1304 4875 1355 4936 (ed.
1368 4873 1450 4938 Ναΐα,
1462 4890 1503 4941 pp.
1516 4878 1653 4940 abacos).

791 4957 843 5005 ‘is
866 4951 965 5006 Rosciis
997 4950 1121 5003 nullm
1155 4961 1258 5003 annoto-
1336 4955 1724 5021 ‘emmeramensem

758 5035 811 5101 rar]
831 5034 943 5085 Written
963 5047 996 5083 on
1013 5048 1030 5082 a
1048 5031 1097 5097 alip
1118 5033 1149 5082 os
1164 5033 1258 5084 vellum
1336 5035 1345 5062 ¹
1362 5033 1593 5102 commententur]
1612 5035 1670 5086 The
1681 5036 1735 5087 first
1749 5039 1803 5106 syl·

757 5116 844 5182 pasterl
855 5128 917 5164 over
925 5113 967 5163 the
978 5110 1087 5178 original
1097 5119 1159 5173 tert,
1167 5121 1258 5178 except
1302 5112 1368 5164 labie
1380 5112 1403 5162 is
1413 5111 1555 5167 interlinea
