4517 6425
668 1153 735 1217 256
790 1164 956 1214 mmmm
980 1160 1194 1212 rrarsrsusrs
1217 1158 1378 1209 maroam
1400 1157 1600 1209 suanorum.

498 1380 567 1433 al).
582 1383 655 1431 ¹2²³·
696 1380 748 1447 De
769 1380 838 1448 oleo
860 1378 1075 1456 macoma,
1100 1378 1191 1466 qaod
1212 1375 1376 1465 prorepit
1405 1376 1446 1444 de
1467 1375 1587 1444 tomba
1611 1373 1699 1443 beati

1111 1479 1283 1548 Willelma'.

497 1626 654 1741 ΨΜ
713 1633 809 1700 Circa
832 1634 921 1699 idem
945 1638 1078 1719 tempus
1103 1632 1255 1720 prorupit
1277 1631 1388 1698 oleum
1411 1630 1651 1696 lucidissimum
1682 1631 1718 1693 in
1731 1647 1891 1728 Ropwend.

497 1707 617 1809 domii:
667 1759 791 1823 magna·
819 1736 955 1803 eeclesia
976 1735 1066 1822 apud
1091 1734 1279 1801 Eboracum
1302 1733 1344 1799 de
1370 1733 1488 1799 tumba
1517 1733 1609 1799 beati
1633 1734 1718 1800 Wil-
1766 1729 1801 1766 Ν·
1814 1721 1855 1767 85·

498 1824 766 1953 bbfflstlelmi’
797 1839 944 1925 ejusdcm
971 1837 1113 1903 ecclesiae
1148 1839 1317 1924 quondam
1349 1835 1593 1924 archicpiscopi.
1655 1836 1718 1902 Eo-

498 1957 616 2009 atrork.
667 1942 808 2027 demque
841 1963 929 2006 anno
961 1940 1075 2006 Romae
1106 1940 1195 2027 pluit
1228 1944 1318 2005 terra
1351 1940 1533 2026 sanguinea
1563 1961 1622 2026 per
1652 1945 1718 2003 tres

499 2048 642 2100 Showerof
667 2044 745 2123 dies,
761 2044 1014 2125 admirantibus,
1029 2044 1130 2108 immo
1153 2043 1265 2129 potius
1286 2042 1550 2129 obstupentibus,
1572 2042 1630 2127 qui
1649 2042 1737 2107 lucc·

497 2118 604 2233 iffi,
667 2169 736 2212 non
757 2146 994 2235 praeviderunt,
1016 2145 1188 2212 universis.

498 2251 587 2301 Rome.

499 2446 583 2497 Dm„
597 2447 628 2497 of
813 2406 865 2473 Dc
889 2413 996 2473 morte
1017 2404 1189 2493 Philippi,
1217 2404 1308 2491 repis
1331 2405 1566 2473 ercamrao}
1624 2425 1627 2434 ¹

499 2513 646 2644 {ffissfu'
714 2542 840 2609 Eodem
855 2547 1010 2631 tempore,
1033 2542 1119 2607 circa
1139 2543 1262 2608 festum
1282 2542 1373 2607 beati
1388 2541 1480 2607 Petri
1503 2542 1545 2608 ad
1568 2541 1718 2619 Vincula,
1730 2556 1893 2622 unguenti.

500 2648 605 2699 Franco.
668 2644 852 2732 Philippus,
867 2667 927 2710 rex
938 2645 1149 2725 Francorum,
1164 2644 1227 2711 iii0.
1241 2645 1316 2710 idus
1338 2644 1508 2732 Augusti,ss
1529 2644 1566 2710 in
1588 2644 1738 2732 signum·
1763 2625 1798 2675 iv.
1812 2630 1852 2675 ⁸⁶·

528 2735 539 2779 ¹
554 2731 623 2796 ΜΒ·
670 2748 867 2815 declinantis
882 2749 1018 2828 aestatis,
1034 2747 1143 2826 idest,
1160 2748 1362 2812 Francorum
1377 2747 1615 2835 prosperitatis,
1631 2747 1739 2812 diem·

522 2826 549 2871 ¹¹
564 2822 634 2888 Aug.
670 2851 788 2917 clausit
820 2857 1031 2931 extremum3
1066 2851 1158 2936 cujus
1192 2855 1333 2916 mortem
1367 2855 1496 2916 cometa
1532 2851 1652 2915 ardens
1685 2854 1720 2915 et

459 2964 528 3108 ᾧ
670 2954 800 3034 crinita,
824 2976 900 3040 quae
915 2954 1015 3040 paulo
1037 2950 1140 3018 ante³
1156 2952 1291 3018 Francis
1313 2952 1489 3018 manifeste
1511 2959 1720 3039 apparuerat,

671 3057 842 3122 indicavit
890 3054 1000 3142 Ipsius
1022 3056 1128 3143 igitur
1143 3056 1237 3121 obitu
1261 3056 1443 3143 divulgato,
1463 3055 1629 3121 chricus
1644 3055 1721 3132 ΙΙΙ,,

420 3124 566 3273 ᾧῷ
669 3182 729 3227 rex
758 3158 952 3246 Anglorum,
983 3157 1075 3224 misit
1110 3158 1389 3246 archiepiscopum
1424 3158 1721 3226 Cantuaricnsem⁴

376 3292 445 3420 ᾧ
459 3295 523 3430 ᾧ
533 3299 601 3431 ᾧ
669 3285 744 3328 cum
773 3263 882 3328 tribus
904 3262 1064 3349 episcopis
1086 3261 1130 3326 ad
1154 3260 1389 3340 Lodouuicum,
1413 3261 1520 3328 lilium
1543 3263 1622 3379 eiua,
1649 3262 1721 3348 jam

668 3389 706 3430 m
727 3387 836 3453 regem
861 3365 1065 3431 Francorum
1087 3369 1289 3443 coronatum,
1305 3370 1495 3431 constanter
1517 3387 1661 3453 emgens,
1682 3369 1723 3430 ut

379 3447 523 3578 ᾧῷ
537 3445 605 3579 ᾧ
668 3469 820 3535 redderet
849 3467 913 3533 sibi
937 3466 1188 3545 Normanniam,
1213 3488 1289 3532 cum
1311 3467 1385 3532 aliis
1410 3468 1508 3533 terris
1530 3469 1721 3534 transmari-

671 3572 724 3637 nis
749 3570 866 3657 adjus
896 3592 992 3635 suum
1019 3569 1254 3656 spectantibus,
1288 3569 1374 3635 sicut
1401 3570 1576 3656 juraverat
1604 3571 1642 3636 in
1670 3594 1739 3636 re..

671 3696 764 3740 cessu
795 3695 855 3739 suo
886 3673 928 3738 ab
952 3672 1085 3759 Anglia,
1108 3673 1242 3758 quando
1273 3695 1341 3760 pax
1373 3671 1463 3739 facta
1492 3674 1602 3740 fuerat
1632 3675 1721 3739 inter

503 3788 642 3867 saluum
671 3778 781 3864 ipsum
815 3783 849 3841 et
881 3797 993 3862 regem
1026 3774 1169 3863 Angliae,
1207 3776 1492 3842 consentientibus
1529 3777 1608 3842 hinc
1643 3777 1721 3841 inde

503 3872 623 3907 summ
672 3878 885 3965 magnatibus
907 3877 1077 3943 universis.
1124 3877 1180 3941 Ad
1199 3876 1269 3944 haec
1292 3877 1500 3944 Lodouuicus
1523 3879 1723 3965 respondens

503 3945 615 4061 {iffi
673 3982 770 4059 dixit,
793 4003 827 4046 se
849 3979 1091 4045 Normanniam
1121 3984 1156 4045 et
1185 3985 1291 4045 terras
1321 3980 1402 4046 alias
1428 3981 1520 4066 juste
1547 3981 1722 4068 possidere,

503 4075 660 4193 fffffi·
673 4085 760 4150 sicut
789 4081 961 4148 ostendere
983 4087 1120 4169 paratus
1143 4086 1217 4147 erat
1238 4082 1274 4147 in
1304 4081 1396 4147 curia
1417 4104 1486 4160 sua,
1508 4082 1537 4147 si
1567 4105 1629 4148 rex
1650 4084 1722 4148 An-

504 4210 660 4261 theresutu-
673 4184 750 4273 glire
780 4184 824 4249 ad
847 4206 920 4250 eam
943 4184 1088 4249 voluerit
1111 4184 1233 4263 venire,
1263 4183 1389 4251 ibidem
1416 4185 1452 4249 in
1477 4185 1631 4252 omnibus
1652 4185 1721 4272 juri

503 4276 661 4409 ffigflffl·
673 4287 850 4375 pariturus
906 4286 1090 4373 Respondit
1122 4291 1290 4404 praeterea,
1314 4287 1403 4372 quod
1427 4287 1655 4405 juramentum
1686 4290 1723 4353 in

675 4389 797 4476 Angha
818 4389 944 4454 factum
959 4410 1001 4455 cx
1025 4394 1120 4477 parte
1143 4411 1231 4476 regis
1247 4389 1434 4478 Anglorum
1448 4391 1609 4457 molstum
1630 4413 1723 4457 enor-

715 4541 720 4543 .
727 4539 788 4544 -
828 4540 882 4546 ’.-
971 4541 974 4544 .
1010 4540 1142 4545 ——.
1412 4541 1457 4545 κβ-
1507 4543 1514 4546 .
1547 4543 1551 4546 .
1610 4542 1716 4549 Δ-..-

704 4615 711 4645 ¹
726 4616 767 4666 On
782 4615 825 4665 the
842 4615 919 4665 lower
929 4614 1030 4680 margin
1049 4613 1071 4664 is
1088 4616 1175 4664 drawn
1222 4615 1249 4665 in
1262 4615 1291 4666 C.
1308 4614 1364 4666 The
1376 4617 1451 4667 death
1463 4619 1493 4667 of
1500 4616 1587 4682 Philip
1599 4617 1634 4668 11.
1643 4617 1724 4683 really

673 4696 716 4746 the
732 4694 854 4745 shieldol
867 4695 966 4745 France
982 4695 1106 4754 reversed,
1119 4695 1175 4753 via,
1223 4694 1284 4743 took
1304 4695 1375 4758 place
1397 4701 1427 4745 14
1444 4696 1516 4762 July.
1550 4696 1599 4749 See
1617 4696 1724 4747 “L'Art
1787 4693 1790 4702 '

672 4790 755 4836 mure,
773 4775 854 4825 semes
871 4774 902 4823 of
917 4773 1080 4824 deors-delia
1098 4788 1135 4834 or,
1152 4779 1176 4834 3,
1222 4776 1253 4824 de
1265 4774 1375 4825 veriner
1385 4776 1422 4826 les
1433 4775 1536 4839 Dates,”
1546 4776 1564 4828 i.
1578 4782 1635 4828 581.

672 4860 733 4916 3,2,
751 4860 785 4912 13
803 4852 971 4904 andbeneath
990 4853 1012 4902 is
1029 4853 1129 4902 written
1149 4851 1177 4900 in
1254 4853 1512 4919 'cnoe]1nterlined.

672 4935 724 4994 red,
742 4937 757 4962 “
769 4933 838 4984 otiu
849 4930 991 4998 Philippus,
1010 4948 1054 4981 rea
1065 4931 1177 4981 Franco·
1255 4936 1263 4962 ¹
1279 4933 1494 5002 varmatiensem]
1514 4935 1546 4984 In
1560 4936 1590 4987 F.
1600 4935 1724 4988 lhenmm

672 5012 751 5063 rura.”
1225 5010 1405 5084 S[tepbanum]
1420 5013 1574 5080 issupplied.

706 5094 776 5144 ²ir‘i0.
789 5091 844 5142 idus
856 5090 977 5157 Auqurtr]
996 5090 1110 5141 Inserted
1123 5089 1177 5140 also
1198 5116 1201 5152 l
