4517 6425
646 1173 710 1236 150
769 1187 933 1235 narrum
959 1186 1170 1236 mmsmnsrs
1194 1186 1357 1236 nrsrorua
1381 1186 1581 1235 arenosum.

479 1365 745 1432 A.D.1214.fuisse
767 1364 810 1430 ad
831 1369 1013 1451 campestre
1035 1362 1197 1450 proelium.
1243 1362 1336 1427 Tunc
1357 1384 1418 1427 rex
1440 1363 1572 1427 solitam
1588 1361 1695 1425 Picta

645 1468 797 1535 vensium
834 1468 1051 1556 proditionem
1088 1469 1254 1553 expertus,
1292 1466 1425 1532 recessit
1462 1466 1617 1554 probrose
1653 1462 1695 1528 ab
1779 1519 1782 1524 .

647 1571 816 1639 obsidione
849 1571 956 1648 castri,
979 1570 1071 1657 cujus
1102 1568 1210 1656 captio
1244 1566 1459 1635 imminebat¹
1508 1568 1716 1635 Sciendum.

480 1682 630 1734 Exultation
648 1696 719 1762 que,
743 1674 831 1760 quod
855 1674 973 1739 Franci
1007 1673 1082 1761 plus
1114 1671 1307 1760 gaudebant
1329 1672 1369 1737 de
1398 1670 1582 1759 repulsione
1613 1669 1717 1757 regis.

479 1749 587 1870 ffih·
648 1778 832 1866 Anglorum
857 1799 917 1865 per
950 1776 1163 1841 Lodowioum
1200 1774 1296 1855 facta,
1324 1775 1402 1864 quia
1433 1774 1606 1842 sumebant
1634 1772 1718 1859 epi.

648 1882 733 1947 ritus
759 1880 847 1968 quod
873 1887 1028 1946 strenuus
1054 1901 1113 1944 rex
1138 1883 1210 1944 erat
1234 1878 1376 1959 futurus,
1409 1878 1446 1942 in
1477 1876 1717 1944 confusionem.

649 1985 793 2072 ejusdem
815 1984 910 2071 regis,
925 2006 1024 2070 quam
1043 1981 1233 2069 gaudebant
1248 1982 1289 2047 de
1304 1982 1450 2063 victoria,
1466 2004 1565 2069 quam
1588 1985 1718 2068 postea.

649 2089 761 2176 adepti
783 2092 862 2153 sunt
883 2088 972 2175 apud
995 2087 1145 2165 Bovines,
1168 2086 1209 2151 de
1231 2109 1297 2174 qua
1319 2082 1469 2176 dicetur?

843 2380 894 2446 De
912 2379 1036 2467 proelio
1059 2378 1150 2466 qaod
1172 2386 1243 2445 erut
1267 2378 1310 2444 is
1332 2376 1515 2444 Flcadrtu.

696 2526 774 2594 Hiis
796 2549 925 2614 quoque
955 2526 1073 2593 diebus
1105 2527 1269 2594 exereitus
1300 2526 1358 2614 qui
1380 2530 1452 2592 erat
1475 2525 1512 2589 in
1535 2523 1698 2598 Flendus,
1712 2525 1868 2606 lippwend.

652 2631 720 2716 regi
742 2630 926 2718 Anglorum
951 2651 1103 2717 prospere
1124 2629 1281 2709 militans,
1306 2633 1415 2695 totum
1436 2650 1574 2715 regnum
1597 2626 1718 2692 Fran.
1735 2599 1841 2699 ,mm

651 2754 762 2798 eorum
787 2733 999 2819 perterritum
1026 2731 1174 2799 reddidit
1198 2738 1233 2799 et
1255 2732 1435 2798 turbatum
1481 2731 1587 2797 Erant
1608 2752 1718 2796 nam.
1736 2741 1779 2793 sol.
1792 2746 1822 2792 or
1835 2739 1858 2791 o.

651 2858 714 2922 qne
740 2835 777 2900 in
802 2835 860 2901 illa
883 2835 1092 2923 expeditione
1115 2835 1181 2902 viri
1202 2835 1319 2902 famosi
1342 2841 1377 2902 et
1400 2834 1553 2915 bellicosi,
1576 2833 1701 2901 Willel-

651 2960 732 3015 mus,
754 2937 882 3014 comes⁸
906 2936 1108 3017 Holondiae,⁴
1131 2938 1343 3025 Reginaldus,
1375 2938 1541 3025 quondam
1573 2933 1702 3002 comes⁵

652 3041 808 3118 Boloniae,
832 3042 1028 3119 Ferrandus,
1052 3063 1160 3108 comes
1182 3042 1357 3123 Flandriae,
1381 3040 1482 3130 Hugo
1515 3042 1556 3107 de
1588 3041 1701 3117 Boves,

651 3145 704 3209 vir
717 3144 762 3208 ¹in
783 3143 884 3210 armis
907 3150 1060 3211 strenuus
1083 3144 1141 3209 sed
1164 3144 1313 3233 proditor
1334 3150 1370 3210 et
1392 3143 1551 3233 superbus
1563 3167 1571 3224 3
1585 3143 1704 3229 quibus

651 3269 711 3313 rex
743 3247 766 3313 J
771 3248 945 3334 [ohannes]
989 3247 1205 3314 constituerat
1254 3249 1369 3314 ducem
1407 3254 1442 3314 et
1478 3246 1703 3313 marescallum

652 3349 863 3435 willelmum,
887 3353 1023 3418 fratrem
1049 3375 1154 3432 suum,
1176 3352 1330 3418 comitem
1353 3352 1507 3417 videlicet
1529 3349 1702 3417 Samsbiri·

485 3452 640 3574 'rheope-
652 3477 771 3521 ensem
818 3456 1019 3523 Habuemmt
1042 3463 1202 3544 praeterea
1217 3455 1359 3522 Othonis
1381 3455 1587 3542 imperatoris
1609 3452 1703 3518 auxi-

481 3538 551 3654 Jssss,
561 3540 640 3644 thlm.
652 3557 735 3624 lium
768 3565 804 3625 et
837 3561 1018 3637 eonsilium,
1053 3560 1210 3646 ducisque
1243 3559 1401 3625 Lovanise
1433 3564 1467 3624 et
1490 3556 1702 3633 Braibanciae,

653 3682 727 3728 cum
750 3664 891 3749 quodam
915 3664 1035 3728 comite
1049 3663 1280 3743 Alemanniae,⁰
1296 3685 1393 3749 quem
1410 3661 1529 3726 Franci
1551 3662 1721 3728 comitem·

654 3764 736 3830 Pelu
757 3763 997 3844 nominabant,⁷
1012 3766 1070 3852 qui
1092 3766 1165 3853 pari
1188 3765 1354 3831 tirannide
1378 3767 1413 3830 in
1429 3766 1571 3830 Francos
1585 3765 1721 3831 frema.

652 3868 743 3933 bant.
799 3867 945 3933 Tandem
978 3890 1057 3935 vero
1089 3870 1183 3936 venit
1216 3869 1335 3956 Anglis
1367 3868 1405 3933 in
1436 3869 1598 3935 auxilium
1632 3870 1722 3955 ipse.

655 3969 774 4058 O[tho]
796 3971 983 4059 imperator,
1007 3973 1064 4038 sed
1088 3973 1200 4058 paucis
1222 3972 1398 4037 comitatus
1420 3972 1590 4050 militibus,
1614 3972 1721 4058 quod.

487 4082 574 4150 Philip
654 4074 808 4160 apparuit
834 4074 871 4138 in
896 4072 1133 4160 sequentibus.⁸
1188 4075 1338 4160 Cumque
1361 4075 1430 4140 haeo
1455 4075 1601 4142 audisset
1622 4074 1722 4141 Phi-.

486 4157 636 4270 {fflffl'
654 4176 772 4263 lippus,
794 4200 854 4244 rex
873 4178 1081 4256 Francorum,
1105 4178 1183 4244 licet
1205 4179 1417 4265 perturbatus
1440 4184 1474 4244 et
1497 4179 1538 4244 de
1559 4178 1702 4244 hostium

487 4285 606 4339 Bovines,
655 4280 877 4360 multitudine,
901 4303 960 4347 nec
987 4283 1116 4362 mirum,
1140 4282 1297 4369 trepidus,
1323 4282 1463 4347 occurrit
1485 4282 1605 4347 eisdem
1628 4303 1702 4348 cum
1715 4296 1873 4362 Ropwend.

655 4382 801 4448 exercitu
825 4406 884 4449 suo
906 4384 949 4449 od
976 4389 1109 4471 pontem
1135 4385 1175 4450 de
1196 4385 1345 4451 Bovines
1393 4384 1543 4471 Cumque
1564 4387 1705 4451 instaret
1738 4363 1843 4415 iiiase

690 4658 697 4689 ¹
712 4656 862 4724 inminebat]
882 4656 1013 4722 iminebet,
1024 4659 1081 4712 MS.
1235 4661 1346 4727 ⁵osores]
1367 4660 1450 4714 There
1462 4661 1485 4711 is
1496 4677 1528 4712 an
1539 4676 1641 4714 erasure
1653 4662 1705 4713 oie

689 4763 896 4829 ²Scr'eadrmque.
910 4802 917 4816 .
931 4802 937 4815 .
949 4764 1056 4831 dicetur]
1067 4763 1159 4816 Added
1202 4741 1251 4848 kl:
1263 4739 1349 4792 Imm
1360 4741 1427 4830 affer
1438 4740 1488 4791 lhi⁸
1500 4743 1575 4792 Μὰ·

658 4844 686 4893 in
697 4859 777 4909 mg·
1257 4818 1421 4885 allemannie]
1441 4821 1590 4883 Alemanne,
1601 4821 1657 4872 MS.

690 4950 802 5015 mm]
822 4951 883 5011 dux,
894 4950 976 5002 WB·
987 4948 1015 5000 c·
1203 4901 1335 5043 1113le
1349 4939 1355 4951 .
1369 4937 1395 4950 ,.
1417 4898 1584 4965 nominabant]
1612 4900 1705 4952 Added

690 5052 853 5120 ‘Holoadiq
881 5051 1050 5114 Houtlaudiae,
1068 5052 1110 5104 W.
1119 5053 1141 5103 Ι.
1154 5073 1160 5113 ;
1236 5058 1246 5085 ⁸
1262 5055 1368 5108 Tandem
1380 5095 1386 5110 .
1399 5094 1405 5108 .
1417 5094 1424 5110 .
1435 5056 1601 5125 sequentibus]
1613 5049 1705 5111 ¹Added

658 5131 810 5194 lloilandiae,
821 5133 852 5183 Β.
864 5132 892 5184 C.
907 5154 913 5192 ;
932 5131 1074 5194 Holandie,
1086 5132 1116 5183 n.
1204 5135 1257 5186 also
1268 5135 1296 5184 in
1307 5151 1386 5201 marg.
