4517 6425
1513 940 1540 974 b

1386 1192 1483 1243 na·
1523 1191 1841 1243 ’taurona
1884 1190 2085 1243 ancus
2128 1190 2444 1254 nmmum,
2489 1190 2623 1241 wz.
2668 1188 2915 1239 'rna-m.
3070 1173 3196 1240 331

1178 1462 1554 1546 Ricardus,
1606 1462 1838 1551 frater
1884 1434 2109 1549 eoois,
2178 1459 2618 1548 desponsavit
2669 1456 3095 1528 comitissam
3241 1464 3379 1516 ΑΒ.
3407 1467 3551 1514 1231·

1716 1566 2096 1638 Glovemiae
2146 1564 2565 1636 Ysabellam¹
3239 1610 3298 1662 M
3299 1608 3432 1662 arria
3432 1624 3496 1676 ge

754 1728 1074 1794 Rog.Wen‹1.
1182 1721 1561 1812 Eodemque
1635 1726 1953 1811 tempore,
2045 1742 2270 1787 mense
2346 1718 2619 1808 ApriIiS,
2693 1723 2848 1807 post
2922 1718 3189 1801 Pascha,
3237 1678 3462 1796 {gard-d
3482 1749 3535 1795 to

810 1796 881 1847 iv.
907 1801 1021 1848 ²²⁰⁸
1095 1826 1433 1906 Ricardus,
1479 1826 1689 1893 frater
1752 1826 1948 1915 regis,
1995 1823 2422 1912 desponsavit
2467 1821 2869 1905 Ysabellam,
2900 1823 3192 1889 comitis·
3236 1813 3322 1864 the
3344 1826 3500 1862 noun-

1093 1952 1233 1997 sam
1281 1930 1672 2011 Gloverniae,
1721 1950 2010 1996 sororem
2072 1926 2386 1994 videlicet
2430 1924 2748 1994 Willelmi
2808 1924 3196 2007 Marescalli,
3235 1878 3550 2001 tglgtfczmr,

1096 2033 1356 2101 comitis
1400 2033 1486 2100 de
1533 2032 1848 2100 Penbroc.

3333 2295 3794 2753 &a

3225 2752 3393 2841 neam
3414 2789 3477 2841 or
3487 2789 3737 2854 wimm,

3227 2858 3330 2910 earl
3353 2857 3414 2909 of
3425 2857 3727 2910 Pembroke.

1103 2935 1401 3019 Laeliae,
1429 2934 1758 3026 principe
1790 2933 2067 3016 Walziae,
2100 2934 2721 3016 excommunicato}
2750 2930 3204 3023 reoedfficatur

1806 3041 2128 3108 Castrum
2166 3041 2250 3106 M
2245 3040 2509 3108 atildis.

769 3193 1085 3276 ngwend.
1198 3187 1426 3256 Mense
1473 3208 1734 3277 quoque
1779 3189 1904 3257 sub
1950 3188 2178 3256 eodem
2208 3187 2552 3255 Walenses
2596 3185 2680 3255 de
2721 3184 3022 3255 latibulis
3067 3183 3203 3253 suis
3245 3189 3444 3248 Hostile

826 3280 896 3316 ι’·
919 3270 949 3314 ²
953 3270 1035 3317 ²⁰·
1110 3306 1444 3375 exeunteS,
1488 3298 1733 3360 terram
1798 3315 1947 3380 quae
2011 3292 2143 3359 fuit
2184 3290 2508 3360 Willelmi
2551 3292 2635 3357 de
2697 3291 2948 3357 Brausa
2990 3295 3208 3358 vasta-
3246 3264 3481 3398 ξ’,ξὲξζὼ

1113 3403 1357 3464 verunt
1385 3421 1403 3479 ;
1477 3420 1632 3487 rege
1706 3420 1864 3465 vero
1924 3397 2042 3464 illo
2115 3396 2493 3478 tendente,
2526 3402 2686 3463 sunt
2750 3396 3009 3464 reversi.
3103 3395 3224 3462 Di·
3247 3399 3437 3451 wales.

773 3498 860 3551 fol.
890 3503 981 3551 11⁷
1008 3497 1052 3550 b.
1082 3501 1358 3568 ‚missus
1432 3506 1534 3567 est
1607 3501 1818 3589 igitur
1906 3502 2154 3569 ibidem
2230 3499 2580 3567 Hubertus
2644 3500 3059 3587 justiciarius
3133 3497 3222 3564 ad

813 3579 1041 3699 Οῷἓοξ·
1117 3604 1609 3694 reprimendum
1668 3605 1957 3693 impetus
2021 3625 2265 3684 eorum,
2330 3625 2484 3692 rege
2557 3603 2919 3670 recedente.
3017 3601 3227 3689 Cujus

835 3714 905 3768 iv.
930 3720 1043 3767 221·
1078 3752 1092 3768 ·
1119 3730 1269 3776 cum
1313 3729 1638 3777 recessum
1683 3707 2152 3796 cognovissent
2202 3705 2562 3789 WalenseS,
2605 3707 2859 3773 iterum
2901 3706 3225 3784 exierunt,

1078 3853 1093 3868 ·
1121 3817 1190 3880 et
1232 3833 1368 3878 non
1411 3811 1609 3900 longe
1654 3834 1697 3878 a
1741 3816 1957 3879 castro
2011 3808 2630 3879 Montis-Gomerici
2674 3810 2960 3899 patriam
3004 3813 3226 3877 vasta-
3286 3840 3291 3847 ·

1079 3919 1381 3984 ·verunt.
1472 3914 1607 3983 Sed
1642 3916 1921 3997 milites
1989 3915 2071 3982 de
2130 3919 2351 3982 castro
2411 3919 2751 3993 exeuntes,
2811 3912 3011 3979 simul
3077 3934 3226 3979 cum

1078 4061 1093 4076 ·
1120 4025 1528 4088 armatorum
1589 4019 1919 4108 praesidio,
1984 4018 2163 4107 quod
2226 4018 2388 4085 illuc
2433 4017 2784 4085 Hubertus
2819 4016 3229 4105 justiciarius

1080 4163 1094 4178 ·
1124 4123 1511 4206 destinavit,
1557 4122 1739 4188 viam
1798 4122 1937 4189 illis
2001 4120 2383 4189 revertendi
2447 4120 2941 4211 praecludentes,
2996 4120 3230 4186 multis

1121 4227 1499 4315 peremptis,
1532 4231 1757 4315 captos
1791 4225 2163 4315 justiciario
2192 4230 2695 4315 praesentarunt.
2788 4224 2971 4307 Quos
2999 4224 3230 4291 statim

1112 4328 1317 4415 jussit
1348 4350 1573 4395 omnes
1603 4329 1987 4417 decapitari,
2018 4335 2088 4396 et
2118 4328 2339 4417 capita
2382 4329 2523 4417 regi
2551 4328 2954 4418 praesentari.
3034 4327 3230 4410 Quod

1121 4431 1429 4499 Leolinus
1472 4432 1672 4497 nimis
1716 4431 1993 4500 moleste
2052 4432 2288 4512 ferens,
2333 4431 2601 4520 collegit
2643 4432 3008 4499 exercitum
3053 4430 3228 4518 copi-

1125 4556 1329 4612 osum,
1360 4539 1428 4600 et
1473 4539 1684 4601 terras
1729 4534 2051 4602 baronum
2081 4535 2638 4603 conterminorum
2683 4539 2754 4602 et
2796 4534 3229 4624 possessiones

1125 4638 1317 4725 gravi
1361 4639 1662 4704 vastavit
1707 4637 2230 4727 depopulatione.
2321 4640 2414 4705 Et
2455 4660 2575 4706 nec
2604 4638 2891 4705 ecclesiis
2923 4661 3042 4705 nec
3084 4659 3229 4726 per-

1454 2304 1640 2375 Obiit
1693 2303 2091 2386 Willebmus,
2138 2327 2351 2374 comes
2388 2304 2470 2373 cle
2509 2298 2858 2372 Penbwo?

763 2471 1077 2553 ngwend.
1191 2459 1298 2538 Et,
1346 2458 1599 2547 nuptiis
1658 2459 1777 2526 vix
1838 2458 2193 2547 completis,
2242 2458 2418 2525 idem
2486 2479 2699 2526 comes
2743 2456 2919 2522 diem
2965 2453 3202 2520 clausit

819 2558 886 2593 nr.
906 2547 1019 2593 ²²⁰·
1099 2585 1497 2652 supremum,
1545 2566 1616 2629 et
1660 2562 2023 2663 Londoniis
2082 2562 2261 2653 apud
2306 2562 2577 2630 Novum
2621 2559 2961 2650 Templum
2999 2557 3203 2645 juxta

1100 2672 1358 2757 patrem
1403 2688 1597 2733 suum
1642 2671 1744 2734 est
1787 2665 2131 2755 sepultus?

1198 4917 1209 4946 ¹
1238 4915 1300 4965 In
1333 4915 1418 4967 the
1450 4912 1651 4979 margin
1689 4927 1775 4965 are
1825 4913 2000 4965 drawn
2032 4919 2133 4965 two
2222 4927 2281 4964 or
2301 4915 2402 4965 and
2423 4922 2549 4976 vert,
2570 4931 2601 4966 a
2622 4913 2730 4966 lion
2753 4921 2999 4981 rampant,
3023 4915 3178 4982 galee.

1125 4995 1289 5046 hands
1312 4996 1559 5046 extended
1582 4993 1785 5058 clasped
1804 4993 2052 5058 together.
2292 4996 2312 5025 ⁸
2330 4993 2396 5045 In
2419 4994 2504 5047 W.
2527 4994 2590 5045 Β.
2615 4993 2672 5047 C.
2712 4993 2758 5045 is
2787 4994 2953 5046 added
2975 4994 3061 5046 the
3098 4996 3229 5058 date,

1192 5078 1212 5107 ²
1234 5077 1299 5126 In
1342 5076 1427 5125 the
1461 5075 1657 5141 margin
1697 5074 1743 5124 is
1774 5073 1855 5124 his
1888 5072 2050 5124 shield
2083 5073 2145 5124 of
2221 5073 2422 5125 “xviia
2444 5073 2545 5124 kal.
2568 5072 2700 5124 Maii
2739 5074 2832 5139 [15
2856 5073 3056 5140 Apr.]''

1124 5171 1276 5220 arms,
1299 5156 1548 5220 reversed,
1573 5156 1690 5218 viz„
1711 5161 1861 5220 party
1881 5167 1973 5219 per
2005 5154 2134 5219 pale,
2292 5153 2312 5186 ⁴
2335 5153 2762 5221 excommunicato]
2789 5146 3094 5227 exoco-icato,
3116 5157 3231 5213 MS.
