<?xml version="1.0" encoding="UTF-8"?>
<!DOCTYPE html PUBLIC "-//W3C//DTD XHTML 1.0 Transitional//EN"
    "http://www.w3.org/TR/xhtml1/DTD/xhtml1-transitional.dtd">
<html xmlns="http://www.w3.org/1999/xhtml" xml:lang="en" lang="en">
 <head>
  <title>
</title>
<meta http-equiv="Content-Type" content="text/html;charset=utf-8" />
  <meta name='ocr-system' content='tesseract 3.04.00' />
  <meta name='ocr-capabilities' content='ocr_page ocr_carea ocr_par ocr_line ocrx_word'/>
</head>
<body>
  <div class='ocr_page' id='page_1' title='image "./matthiparisiens00parigoog/matthiparisiens00parigoog_0267.png"; bbox 0 0 4517 6425; ppageno 0'>
   <div class='ocr_carea' id='block_1_1' title="bbox 698 1170 1599 1246">
    <p class='ocr_par' dir='ltr' id='par_1_1' title="bbox 698 1170 1599 1246">
     <span class='ocr_line' id='line_1_1' title="bbox 698 1170 1599 1246; baseline -0.004 -11"><span class='ocrx_word' id='word_1_1' title='bbox 698 1188 745 1235; x_wconf 84' lang='lat' dir='ltr'>nn</span> <span class='ocrx_word' id='word_1_2' title='bbox 767 1185 928 1235; x_wconf 79' lang='lat' dir='ltr'>nnuman</span> <span class='ocrx_word' id='word_1_3' title='bbox 950 1183 1052 1234; x_wconf 82' lang='lat' dir='ltr'>arara</span> <span class='ocrx_word' id='word_1_4' title='bbox 1074 1182 1232 1246; x_wconf 80' lang='lat' dir='ltr'>nnnmor,</span> <span class='ocrx_word' id='word_1_5' title='bbox 1254 1184 1322 1235; x_wconf 85' lang='lat' dir='ltr'>v1z.</span> <span class='ocrx_word' id='word_1_6' title='bbox 1345 1181 1467 1233; x_wconf 83' lang='lat' dir='ltr'>maru.</span> <span class='ocrx_word' id='word_1_7' title='bbox 1535 1170 1599 1232; x_wconf 76' lang='lat'>265</span> 
     </span>
    </p>
   </div>
   <div class='ocr_carea' id='block_1_2' title="bbox 531 1354 1770 1755">
    <p class='ocr_par' dir='ltr' id='par_1_2' title="bbox 531 1354 1770 1755">
     <span class='ocr_line' id='line_1_2' title="bbox 531 1354 1770 1446; baseline -0.008 -24"><span class='ocrx_word' id='word_1_8' title='bbox 531 1361 652 1436; x_wconf 78' lang='lat' dir='ltr'>,natus</span> <span class='ocrx_word' id='word_1_9' title='bbox 677 1358 766 1446; x_wconf 85' lang='lat' dir='ltr'>apud</span> <span class='ocrx_word' id='word_1_10' title='bbox 793 1357 966 1423; x_wconf 84' lang='lat' dir='ltr'>Coventre.</span> <span class='ocrx_word' id='word_1_11' title='bbox 1013 1357 1134 1422; x_wconf 87' lang='lat' dir='ltr'>Judaoa</span> <span class='ocrx_word' id='word_1_12' title='bbox 1167 1361 1280 1421; x_wconf 86' lang='lat' dir='ltr'>autem</span> <span class='ocrx_word' id='word_1_13' title='bbox 1310 1355 1458 1421; x_wconf 89' lang='lat' dir='ltr'>clanculo</span> <span class='ocrx_word' id='word_1_14' title='bbox 1488 1354 1602 1434; x_wconf 87' lang='lat' dir='ltr'>evasit,</span> <span class='ocrx_word' id='word_1_15' title='bbox 1614 1359 1683 1412; x_wconf 66' lang='lat' dir='ltr'>al).</span> <span class='ocrx_word' id='word_1_16' title='bbox 1698 1366 1770 1412; x_wconf 79' lang='lat' dir='ltr'>maa.</span> 
     </span>
     <span class='ocr_line' id='line_1_3' title="bbox 532 1455 1604 1545; baseline -0.005 -19"><span class='ocrx_word' id='word_1_17' title='bbox 532 1462 642 1538; x_wconf 73' lang='lat' dir='ltr'>,undo</span> <span class='ocrx_word' id='word_1_18' title='bbox 669 1459 768 1526; x_wconf 83' lang='lat' dir='ltr'>Falco</span> <span class='ocrx_word' id='word_1_19' title='bbox 794 1456 901 1525; x_wconf 91' lang='lat' dir='ltr'>doluit</span> <span class='ocrx_word' id='word_1_20' title='bbox 927 1459 1046 1539; x_wconf 78' lang='lat' dir='ltr'>diosna,</span> <span class='ocrx_word' id='word_1_21' title='bbox 1070 1469 1089 1496; x_wconf 90' lang='lat'><strong>“</strong></span> <span class='ocrx_word' id='word_1_22' title='bbox 1100 1456 1217 1537; x_wconf 89' lang='lat' dir='ltr'>Doleo,</span> <span class='ocrx_word' id='word_1_23' title='bbox 1237 1455 1326 1545; x_wconf 91' lang='lat' dir='ltr'>quod</span> <span class='ocrx_word' id='word_1_24' title='bbox 1352 1458 1417 1523; x_wconf 88' lang='lat' dir='ltr'>iste</span> <span class='ocrx_word' id='word_1_25' title='bbox 1439 1457 1527 1522; x_wconf 84' lang='lat' dir='ltr'>aolus</span> <span class='ocrx_word' id='word_1_26' title='bbox 1550 1456 1604 1522; x_wconf 88' lang='lat' dir='ltr'>da·</span> 
     </span>
     <span class='ocr_line' id='line_1_4' title="bbox 532 1560 1604 1647; baseline -0.003 -19"><span class='ocrx_word' id='word_1_27' title='bbox 532 1564 680 1630; x_wconf 78' lang='lat' dir='ltr'>,scandit</span> <span class='ocrx_word' id='word_1_28' title='bbox 709 1565 752 1629; x_wconf 89' lang='lat' dir='ltr'>ad</span> <span class='ocrx_word' id='word_1_29' title='bbox 780 1560 933 1628; x_wconf 88' lang='lat' dir='ltr'>inferos.&#39;&#39;</span> <span class='ocrx_word' id='word_1_30' title='bbox 987 1561 1040 1626; x_wconf 83' lang='lat' dir='ltr'>Ex</span> <span class='ocrx_word' id='word_1_31' title='bbox 1063 1561 1171 1627; x_wconf 86' lang='lat' dir='ltr'>relatu</span> <span class='ocrx_word' id='word_1_32' title='bbox 1194 1560 1346 1647; x_wconf 72' lang='lat' dir='ltr'>magistri</span> <span class='ocrx_word' id='word_1_33' title='bbox 1376 1560 1541 1625; x_wconf 85' lang='lat' dir='ltr'>Johannis</span> <span class='ocrx_word' id='word_1_34' title='bbox 1563 1560 1604 1625; x_wconf 87' lang='lat' dir='ltr'>da</span> 
     </span>
     <span class='ocr_line' id='line_1_5' title="bbox 532 1659 1566 1755; baseline 0 -26"><span class='ocrx_word' id='word_1_35' title='bbox 532 1668 778 1755; x_wconf 83' lang='lat' dir='ltr'>.Baaingastoc‚</span> <span class='ocrx_word' id='word_1_36' title='bbox 801 1666 1026 1732; x_wconf 62' lang='lat' dir='ltr'>archidianoni</span> <span class='ocrx_word' id='word_1_37' title='bbox 1052 1664 1301 1744; x_wconf 83' lang='lat' dir='ltr'>Londonienaia,</span> <span class='ocrx_word' id='word_1_38' title='bbox 1323 1664 1382 1750; x_wconf 88' lang='lat' dir='ltr'>qui</span> <span class='ocrx_word' id='word_1_39' title='bbox 1403 1659 1566 1729; x_wconf 71' lang='lat' dir='ltr'>interfuit.</span> 
     </span>
    </p>
   </div>
   <div class='ocr_carea' id='block_1_3' title="bbox 554 1921 1605 2096">
    <p class='ocr_par' dir='ltr' id='par_1_3' title="bbox 554 1921 1605 2096">
     <span class='ocr_line' id='line_1_6' title="bbox 554 1921 1605 1994; baseline -0.002 -2"><span class='ocrx_word' id='word_1_40' title='bbox 554 1924 604 1992; x_wconf 84' lang='lat' dir='ltr'>Dc</span> <span class='ocrx_word' id='word_1_41' title='bbox 625 1925 844 1994; x_wconf 75' lang='lat' dir='ltr'>altercatione</span> <span class='ocrx_word' id='word_1_42' title='bbox 866 1932 1008 1993; x_wconf 71' lang='lat' dir='ltr'>caumata</span> <span class='ocrx_word' id='word_1_43' title='bbox 1029 1924 1123 1992; x_wconf 78' lang='lat' dir='ltr'>tator</span> <span class='ocrx_word' id='word_1_44' title='bbox 1138 1924 1324 1992; x_wconf 81' lang='lat' dir='ltr'>Lcola’aasm</span> <span class='ocrx_word' id='word_1_45' title='bbox 1347 1930 1377 1991; x_wconf 87' lang='lat' dir='ltr'>et</span> <span class='ocrx_word' id='word_1_46' title='bbox 1396 1921 1605 1993; x_wconf 67' lang='lat' dir='ltr'>Wa&#39;tlctraam</span> 
     </span>
     <span class='ocr_line' id='line_1_7' title="bbox 954 2022 1209 2096; baseline -0.004 0"><span class='ocrx_word' id='word_1_47' title='bbox 954 2022 1209 2096; x_wconf 78' lang='lat' dir='ltr'>Mareacollaam.</span> 
     </span>
    </p>
   </div>
   <div class='ocr_carea' id='block_1_4' title="bbox 384 2169 1770 3908">
    <p class='ocr_par' dir='ltr' id='par_1_4' title="bbox 384 2169 1770 3908">
     <span class='ocr_line' id='line_1_8' title="bbox 384 2169 1757 2269; baseline -0.001 -25"><span class='ocrx_word' id='word_1_48' title='bbox 384 2178 542 2258; x_wconf 56' lang='lat' dir='ltr'>Bagauna.</span> <span class='ocrx_word' id='word_1_49' title='bbox 600 2175 726 2243; x_wconf 83' lang='lat' dir='ltr'>Eodem</span> <span class='ocrx_word' id='word_1_50' title='bbox 765 2200 861 2255; x_wconf 88' lang='lat' dir='ltr'>anno,</span> <span class='ocrx_word' id='word_1_51' title='bbox 897 2178 976 2242; x_wconf 90' lang='lat' dir='ltr'>dum</span> <span class='ocrx_word' id='word_1_52' title='bbox 1014 2175 1202 2243; x_wconf 89' lang='lat' dir='ltr'>Willalmus</span> <span class='ocrx_word' id='word_1_53' title='bbox 1240 2169 1461 2257; x_wconf 82' lang='lat' dir='ltr'>Mareaoailus,</span> <span class='ocrx_word' id='word_1_54' title='bbox 1499 2191 1605 2243; x_wconf 83' lang='lat' dir='ltr'>comes</span> <span class='ocrx_word' id='word_1_55' title='bbox 1619 2190 1757 2269; x_wconf 63' lang='lat' dir='ltr'>amandos</span> 
     </span>
     <span class='ocr_line' id='line_1_9' title="bbox 418 2252 1750 2359; baseline 0 -16"><span class='ocrx_word' id='word_1_56' title='bbox 418 2252 504 2298; x_wconf 78' lang='lat'><strong>¹&#39;·⁸⁴·</strong></span> <span class='ocrx_word' id='word_1_57' title='bbox 554 2278 711 2359; x_wconf 72' lang='lat' dir='ltr'>Pansae,</span> <span class='ocrx_word' id='word_1_58' title='bbox 735 2280 801 2344; x_wconf 78' lang='lat' dir='ltr'>fua</span> <span class='ocrx_word' id='word_1_59' title='bbox 823 2280 861 2344; x_wconf 77' lang='lat' dir='ltr'>an</span> <span class='ocrx_word' id='word_1_60' title='bbox 884 2280 1059 2357; x_wconf 74' lang='lat' dir='ltr'>Hiberna,</span> <span class='ocrx_word' id='word_1_61' title='bbox 1074 2280 1238 2359; x_wconf 67' lang='lat' dir='ltr'>mannus,</span> <span class='ocrx_word' id='word_1_62' title='bbox 1263 2301 1323 2345; x_wconf 70' lang='lat' dir='ltr'>rex</span> <span class='ocrx_word' id='word_1_63' title='bbox 1337 2279 1552 2359; x_wconf 71' lang='lat' dir='ltr'>walensium,</span> <span class='ocrx_word' id='word_1_64' title='bbox 1568 2258 1750 2345; x_wconf 59' lang='lat' dir='ltr'>inmwaa.</span> 
     </span>
     <span class='ocr_line' id='line_1_10' title="bbox 384 2382 1607 2471; baseline 0.004 -29"><span class='ocrx_word' id='word_1_65' title='bbox 384 2391 542 2471; x_wconf 57' lang='lat' dir='ltr'>&amp;gwerra</span> <span class='ocrx_word' id='word_1_66' title='bbox 554 2405 656 2447; x_wconf 91' lang='lat' dir='ltr'>manu</span> <span class='ocrx_word' id='word_1_67' title='bbox 689 2382 769 2448; x_wconf 85' lang='lat' dir='ltr'>forti</span> <span class='ocrx_word' id='word_1_68' title='bbox 795 2382 884 2469; x_wconf 89' lang='lat' dir='ltr'>cepit</span> <span class='ocrx_word' id='word_1_69' title='bbox 914 2384 980 2448; x_wconf 92' lang='lat' dir='ltr'>duo</span> <span class='ocrx_word' id='word_1_70' title='bbox 1007 2382 1143 2448; x_wconf 82' lang='lat' dir='ltr'>castella</span> <span class='ocrx_word' id='word_1_71' title='bbox 1167 2382 1320 2469; x_wconf 74' lang='lat' dir='ltr'>praedicti</span> <span class='ocrx_word' id='word_1_72' title='bbox 1350 2382 1548 2468; x_wconf 86' lang='lat' dir='ltr'>W[illolmi],</span> <span class='ocrx_word' id='word_1_73' title='bbox 1572 2387 1607 2448; x_wconf 88' lang='lat' dir='ltr'>ct</span> 
     </span>
     <span class='ocr_line' id='line_1_11' title="bbox 422 2465 1606 2571; baseline -0.002 -20"><span class='ocrx_word' id='word_1_74' title='bbox 422 2465 509 2510; x_wconf 52' lang='grc' dir='ltr'>Μ·</span> <span class='ocrx_word' id='word_1_75' title='bbox 554 2507 667 2551; x_wconf 84' lang='lat' dir='ltr'>omnes</span> <span class='ocrx_word' id='word_1_76' title='bbox 690 2506 772 2570; x_wconf 83' lang='lat' dir='ltr'>quoa</span> <span class='ocrx_word' id='word_1_77' title='bbox 794 2480 831 2548; x_wconf 90' lang='lat' dir='ltr'>in</span> <span class='ocrx_word' id='word_1_78' title='bbox 853 2481 900 2550; x_wconf 85' lang='lat' dir='ltr'>eis</span> <span class='ocrx_word' id='word_1_79' title='bbox 923 2482 1064 2561; x_wconf 90' lang='lat' dir='ltr'>invenit,</span> <span class='ocrx_word' id='word_1_80' title='bbox 1088 2482 1253 2571; x_wconf 80' lang='lat' dir='ltr'>impositis</span> <span class='ocrx_word' id='word_1_81' title='bbox 1277 2480 1354 2561; x_wconf 87' lang='lat' dir='ltr'>suis,</span> <span class='ocrx_word' id='word_1_82' title='bbox 1382 2484 1531 2570; x_wconf 90' lang='lat' dir='ltr'>privavit</span> <span class='ocrx_word' id='word_1_83' title='bbox 1555 2506 1606 2549; x_wconf 91' lang='lat' dir='ltr'>ca·</span> 
     </span>
     <span class='ocr_line' id='line_1_12' title="bbox 553 2580 1606 2674; baseline 0 -23"><span class='ocrx_word' id='word_1_84' title='bbox 553 2587 688 2674; x_wconf 88' lang='lat' dir='ltr'>pitibua.</span> <span class='ocrx_word' id='word_1_85' title='bbox 750 2586 815 2652; x_wconf 84' lang='lat' dir='ltr'>Sed</span> <span class='ocrx_word' id='word_1_86' title='bbox 846 2608 919 2652; x_wconf 89' lang='lat' dir='ltr'>cum</span> <span class='ocrx_word' id='word_1_87' title='bbox 950 2590 1026 2673; x_wconf 88' lang='lat' dir='ltr'>post</span> <span class='ocrx_word' id='word_1_88' title='bbox 1049 2586 1119 2652; x_wconf 86' lang='lat' dir='ltr'>dica</span> <span class='ocrx_word' id='word_1_89' title='bbox 1141 2608 1262 2674; x_wconf 89' lang='lat' dir='ltr'>paucos</span> <span class='ocrx_word' id='word_1_90' title='bbox 1286 2584 1349 2653; x_wconf 90' lang='lat' dir='ltr'>hoa</span> <span class='ocrx_word' id='word_1_91' title='bbox 1378 2580 1421 2652; x_wconf 89' lang='lat' dir='ltr'>ad</span> <span class='ocrx_word' id='word_1_92' title='bbox 1451 2585 1606 2653; x_wconf 84' lang='lat' dir='ltr'>notitiam</span> 
     </span>
     <span class='ocr_line' id='line_1_13' title="bbox 554 2685 1606 2776; baseline 0 -21"><span class='ocrx_word' id='word_1_93' title='bbox 554 2689 705 2776; x_wconf 84' lang='lat' dir='ltr'>praedicti</span> <span class='ocrx_word' id='word_1_94' title='bbox 720 2685 913 2774; x_wconf 87' lang='lat' dir='ltr'>W[illelmi]</span> <span class='ocrx_word' id='word_1_95' title='bbox 936 2689 1149 2775; x_wconf 82' lang='lat' dir='ltr'>pervenisset,</span> <span class='ocrx_word' id='word_1_96' title='bbox 1173 2688 1275 2754; x_wconf 89' lang='lat' dir='ltr'>rediit</span> <span class='ocrx_word' id='word_1_97' title='bbox 1297 2712 1371 2755; x_wconf 91' lang='lat' dir='ltr'>cum</span> <span class='ocrx_word' id='word_1_98' title='bbox 1394 2685 1606 2756; x_wconf 81' lang='lat' dir='ltr'>festinatione</span> 
     </span>
     <span class='ocr_line' id='line_1_14' title="bbox 555 2791 1607 2880; baseline 0.002 -25"><span class='ocrx_word' id='word_1_99' title='bbox 555 2792 591 2855; x_wconf 90' lang='lat' dir='ltr'>in</span> <span class='ocrx_word' id='word_1_100' title='bbox 613 2791 781 2878; x_wconf 87' lang='lat' dir='ltr'>Angliam,</span> <span class='ocrx_word' id='word_1_101' title='bbox 811 2796 854 2868; x_wconf 88' lang='lat' dir='ltr'>et,</span> <span class='ocrx_word' id='word_1_102' title='bbox 878 2792 1026 2858; x_wconf 86' lang='lat' dir='ltr'>exercitu</span> <span class='ocrx_word' id='word_1_103' title='bbox 1057 2792 1204 2858; x_wconf 85' lang='lat' dir='ltr'>maximo</span> <span class='ocrx_word' id='word_1_104' title='bbox 1235 2799 1441 2880; x_wconf 83' lang='lat' dir='ltr'>congregato,</span> <span class='ocrx_word' id='word_1_105' title='bbox 1473 2791 1607 2859; x_wconf 85' lang='lat' dir='ltr'>castella</span> 
     </span>
     <span class='ocr_line' id='line_1_15' title="bbox 554 2892 1607 2982; baseline 0.001 -24"><span class='ocrx_word' id='word_1_106' title='bbox 554 2895 714 2982; x_wconf 85' lang='lat' dir='ltr'>praedicta</span> <span class='ocrx_word' id='word_1_107' title='bbox 736 2892 867 2959; x_wconf 82' lang='lat' dir='ltr'>obsedit</span> <span class='ocrx_word' id='word_1_108' title='bbox 888 2901 923 2959; x_wconf 87' lang='lat' dir='ltr'>et</span> <span class='ocrx_word' id='word_1_109' title='bbox 937 2894 1101 2960; x_wconf 88' lang='lat' dir='ltr'>violenter</span> <span class='ocrx_word' id='word_1_110' title='bbox 1122 2894 1219 2981; x_wconf 86' lang='lat' dir='ltr'>cepit,</span> <span class='ocrx_word' id='word_1_111' title='bbox 1241 2895 1382 2961; x_wconf 82' lang='lat' dir='ltr'>reddens</span> <span class='ocrx_word' id='word_1_112' title='bbox 1397 2894 1607 2961; x_wconf 79' lang='lat' dir='ltr'>walensibus</span> 
     </span>
     <span class='ocr_line' id='line_1_16' title="bbox 554 2995 1607 3084; baseline 0.001 -22"><span class='ocrx_word' id='word_1_113' title='bbox 554 2996 721 3063; x_wconf 84' lang='lat' dir='ltr'>talionem.</span> <span class='ocrx_word' id='word_1_114' title='bbox 767 2996 818 3061; x_wconf 85' lang='lat' dir='ltr'>Ao</span> <span class='ocrx_word' id='word_1_115' title='bbox 839 2995 968 3074; x_wconf 87' lang='lat' dir='ltr'>deindo,</span> <span class='ocrx_word' id='word_1_116' title='bbox 991 2998 1034 3062; x_wconf 89' lang='lat' dir='ltr'>ad</span> <span class='ocrx_word' id='word_1_117' title='bbox 1063 2998 1221 3084; x_wconf 89' lang='lat' dir='ltr'>majorem</span> <span class='ocrx_word' id='word_1_118' title='bbox 1252 2996 1335 3063; x_wconf 89' lang='lat' dir='ltr'>dicti</span> <span class='ocrx_word' id='word_1_119' title='bbox 1356 2995 1511 3064; x_wconf 82' lang='lat' dir='ltr'>facinoris</span> <span class='ocrx_word' id='word_1_120' title='bbox 1533 2995 1607 3063; x_wconf 90' lang='lat' dir='ltr'>vin·</span> 
     </span>
     <span class='ocr_line' id='line_1_17' title="bbox 555 3096 1607 3189; baseline 0.001 -23"><span class='ocrx_word' id='word_1_121' title='bbox 555 3099 686 3180; x_wconf 86' lang='lat' dir='ltr'>dictam,</span> <span class='ocrx_word' id='word_1_122' title='bbox 721 3104 844 3165; x_wconf 86' lang='lat' dir='ltr'>terram</span> <span class='ocrx_word' id='word_1_123' title='bbox 878 3099 1007 3166; x_wconf 87' lang='lat' dir='ltr'>Leolini</span> <span class='ocrx_word' id='word_1_124' title='bbox 1045 3099 1214 3166; x_wconf 87' lang='lat' dir='ltr'>hostiliter</span> <span class='ocrx_word' id='word_1_125' title='bbox 1248 3099 1425 3189; x_wconf 84' lang='lat' dir='ltr'>ingressus,</span> <span class='ocrx_word' id='word_1_126' title='bbox 1457 3096 1535 3189; x_wconf 80' lang='lat' dir='ltr'>igne</span> <span class='ocrx_word' id='word_1_127' title='bbox 1572 3105 1607 3167; x_wconf 90' lang='lat' dir='ltr'>et</span> 
     </span>
     <span class='ocr_line' id='line_1_18' title="bbox 555 3201 1608 3290; baseline 0.002 -22"><span class='ocrx_word' id='word_1_128' title='bbox 555 3203 640 3270; x_wconf 87' lang='lat' dir='ltr'>forro</span> <span class='ocrx_word' id='word_1_129' title='bbox 674 3224 824 3290; x_wconf 86' lang='lat' dir='ltr'>quaequae</span> <span class='ocrx_word' id='word_1_130' title='bbox 856 3201 921 3268; x_wconf 91' lang='lat' dir='ltr'>sibi</span> <span class='ocrx_word' id='word_1_131' title='bbox 952 3202 1052 3269; x_wconf 89' lang='lat' dir='ltr'>obvia</span> <span class='ocrx_word' id='word_1_132' title='bbox 1082 3203 1229 3270; x_wconf 72' lang='lat' dir='ltr'>letaliter</span> <span class='ocrx_word' id='word_1_133' title='bbox 1261 3203 1459 3270; x_wconf 79' lang='lat' dir='ltr'>devastavit</span> <span class='ocrx_word' id='word_1_134' title='bbox 1510 3204 1608 3287; x_wconf 83' lang='lat' dir='ltr'>Quod</span> 
     </span>
     <span class='ocr_line' id='line_1_19' title="bbox 555 3304 1607 3382; baseline 0.001 -11"><span class='ocrx_word' id='word_1_135' title='bbox 555 3307 693 3372; x_wconf 87' lang='lat' dir='ltr'>audiens</span> <span class='ocrx_word' id='word_1_136' title='bbox 717 3306 881 3382; x_wconf 85' lang='lat' dir='ltr'>Laolinus,</span> <span class='ocrx_word' id='word_1_137' title='bbox 905 3304 1000 3371; x_wconf 87' lang='lat' dir='ltr'>venit</span> <span class='ocrx_word' id='word_1_138' title='bbox 1022 3310 1137 3373; x_wconf 89' lang='lat' dir='ltr'>contra</span> <span class='ocrx_word' id='word_1_139' title='bbox 1164 3306 1392 3372; x_wconf 85' lang='lat' dir='ltr'>Marescallum</span> <span class='ocrx_word' id='word_1_140' title='bbox 1414 3304 1451 3372; x_wconf 90' lang='lat' dir='ltr'>in</span> <span class='ocrx_word' id='word_1_141' title='bbox 1472 3306 1607 3373; x_wconf 88' lang='lat' dir='ltr'>fortitu-</span> 
     </span>
     <span class='ocr_line' id='line_1_20' title="bbox 556 3406 1770 3496; baseline 0.004 -23"><span class='ocrx_word' id='word_1_142' title='bbox 556 3409 633 3475; x_wconf 85' lang='lat' dir='ltr'>dine</span> <span class='ocrx_word' id='word_1_143' title='bbox 654 3409 859 3496; x_wconf 84' lang='lat' dir='ltr'>graviasima·</span> <span class='ocrx_word' id='word_1_144' title='bbox 906 3407 972 3472; x_wconf 84' lang='lat' dir='ltr'>Sed</span> <span class='ocrx_word' id='word_1_145' title='bbox 995 3407 1216 3489; x_wconf 75' lang='lat' dir='ltr'>Maraccailua,</span> <span class='ocrx_word' id='word_1_146' title='bbox 1241 3406 1770 3496; x_wconf 69' lang='lat' dir='ltr'>Martasibipropitio,v&#39;2ndfc1a</span> 
     </span>
     <span class='ocr_line' id='line_1_21' title="bbox 556 3485 1730 3593; baseline 0.002 -19"><span class='ocrx_word' id='word_1_147' title='bbox 556 3510 708 3577; x_wconf 85' lang='lat' dir='ltr'>inimicos</span> <span class='ocrx_word' id='word_1_148' title='bbox 730 3509 850 3576; x_wconf 86' lang='lat' dir='ltr'>acriter</span> <span class='ocrx_word' id='word_1_149' title='bbox 865 3510 1035 3591; x_wconf 82' lang='lat' dir='ltr'>invadens,</span> <span class='ocrx_word' id='word_1_150' title='bbox 1051 3510 1168 3576; x_wconf 90' lang='lat' dir='ltr'>multis</span> <span class='ocrx_word' id='word_1_151' title='bbox 1186 3508 1395 3576; x_wconf 84' lang='lat' dir='ltr'>Walanaibua</span> <span class='ocrx_word' id='word_1_152' title='bbox 1415 3510 1606 3593; x_wconf 82' lang='lat' dir='ltr'>interfectis,</span> <span class='ocrx_word' id='word_1_153' title='bbox 1620 3485 1730 3530; x_wconf 75' lang='lat' dir='ltr'>mena.</span> 
     </span>
     <span class='ocr_line' id='line_1_22' title="bbox 557 3612 1609 3701; baseline -0.002 -21"><span class='ocrx_word' id='word_1_154' title='bbox 557 3635 670 3680; x_wconf 86' lang='lat' dir='ltr'>omnes</span> <span class='ocrx_word' id='word_1_155' title='bbox 692 3615 729 3679; x_wconf 93' lang='lat' dir='ltr'>in</span> <span class='ocrx_word' id='word_1_156' title='bbox 761 3613 874 3701; x_wconf 85' lang='lat' dir='ltr'>fugam</span> <span class='ocrx_word' id='word_1_157' title='bbox 909 3613 1026 3700; x_wconf 82' lang='lat' dir='ltr'>coegit,</span> <span class='ocrx_word' id='word_1_158' title='bbox 1054 3619 1090 3680; x_wconf 88' lang='lat' dir='ltr'>et</span> <span class='ocrx_word' id='word_1_159' title='bbox 1111 3613 1243 3701; x_wconf 84' lang='lat' dir='ltr'>fugatos</span> <span class='ocrx_word' id='word_1_160' title='bbox 1268 3612 1461 3679; x_wconf 87' lang='lat' dir='ltr'>trucidavit.</span> <span class='ocrx_word' id='word_1_161' title='bbox 1506 3612 1609 3680; x_wconf 84' lang='lat' dir='ltr'>AEati-</span> 
     </span>
     <span class='ocr_line' id='line_1_23' title="bbox 557 3714 1608 3803; baseline 0.001 -22"><span class='ocrx_word' id='word_1_162' title='bbox 557 3717 640 3783; x_wconf 90' lang='lat' dir='ltr'>mati</span> <span class='ocrx_word' id='word_1_163' title='bbox 671 3722 751 3782; x_wconf 89' lang='lat' dir='ltr'>sunt</span> <span class='ocrx_word' id='word_1_164' title='bbox 780 3721 894 3781; x_wconf 87' lang='lat' dir='ltr'>autem</span> <span class='ocrx_word' id='word_1_165' title='bbox 925 3715 1093 3782; x_wconf 83' lang='lat' dir='ltr'>interfecti</span> <span class='ocrx_word' id='word_1_166' title='bbox 1125 3720 1160 3782; x_wconf 89' lang='lat' dir='ltr'>et</span> <span class='ocrx_word' id='word_1_167' title='bbox 1189 3714 1332 3782; x_wconf 85' lang='lat' dir='ltr'>vinculis</span> <span class='ocrx_word' id='word_1_168' title='bbox 1358 3714 1538 3803; x_wconf 88' lang='lat' dir='ltr'>mancipati</span> <span class='ocrx_word' id='word_1_169' title='bbox 1568 3738 1608 3782; x_wconf 88' lang='lat' dir='ltr'>ex</span> 
     </span>
     <span class='ocr_line' id='line_1_24' title="bbox 557 3816 1609 3908; baseline 0 -24"><span class='ocrx_word' id='word_1_170' title='bbox 557 3820 637 3908; x_wconf 87' lang='lat' dir='ltr'>ipsis</span> <span class='ocrx_word' id='word_1_171' title='bbox 662 3819 874 3886; x_wconf 81' lang='lat' dir='ltr'>Walenaibus</span> <span class='ocrx_word' id='word_1_172' title='bbox 897 3818 940 3884; x_wconf 84' lang='lat' dir='ltr'>ad</span> <span class='ocrx_word' id='word_1_173' title='bbox 965 3840 1085 3885; x_wconf 90' lang='lat' dir='ltr'>novem</span> <span class='ocrx_word' id='word_1_174' title='bbox 1109 3819 1203 3886; x_wconf 90' lang='lat' dir='ltr'>milia</span> <span class='ocrx_word' id='word_1_175' title='bbox 1223 3816 1404 3899; x_wconf 89' lang='lat' dir='ltr'>hominum,</span> <span class='ocrx_word' id='word_1_176' title='bbox 1428 3821 1541 3907; x_wconf 85' lang='lat' dir='ltr'>paucis</span> <span class='ocrx_word' id='word_1_177' title='bbox 1567 3837 1609 3887; x_wconf 85' lang='lat' dir='ltr'>ax</span> 
     </span>
    </p>
   </div>
   <div class='ocr_carea' id='block_1_5' title="bbox 558 3922 1074 4011">
    <p class='ocr_par' dir='ltr' id='par_1_5' title="bbox 558 3922 1074 4011">
     <span class='ocr_line' id='line_1_25' title="bbox 558 3922 1074 4011; baseline 0 -23"><span class='ocrx_word' id='word_1_178' title='bbox 558 3923 712 3990; x_wconf 88' lang='lat' dir='ltr'>omnibus</span> <span class='ocrx_word' id='word_1_179' title='bbox 734 3941 794 4010; x_wconf 90' lang='lat' dir='ltr'>per</span> <span class='ocrx_word' id='word_1_180' title='bbox 814 3923 927 4011; x_wconf 81' lang='lat' dir='ltr'>firgam</span> <span class='ocrx_word' id='word_1_181' title='bbox 949 3922 1074 4010; x_wconf 86' lang='lat' dir='ltr'>elapsis.</span> 
     </span>
    </p>
   </div>
   <div class='ocr_carea' id='block_1_6' title="bbox 643 4156 1532 4248">
    <p class='ocr_par' dir='ltr' id='par_1_6' title="bbox 643 4156 1532 4248">
     <span class='ocr_line' id='line_1_26' title="bbox 643 4156 1532 4248; baseline 0.007 -21"><span class='ocrx_word' id='word_1_182' title='bbox 643 4161 806 4228; x_wconf 76' lang='lat' dir='ltr'>Walterua</span> <span class='ocrx_word' id='word_1_183' title='bbox 828 4156 999 4228; x_wconf 81' lang='lat' dir='ltr'>Moaclcro</span> <span class='ocrx_word' id='word_1_184' title='bbox 1012 4160 1060 4247; x_wconf 78' lang='lat' dir='ltr'>fit</span> <span class='ocrx_word' id='word_1_185' title='bbox 1081 4156 1257 4248; x_wconf 77' lang='lat' dir='ltr'>episcopua</span> <span class='ocrx_word' id='word_1_186' title='bbox 1280 4161 1532 4232; x_wconf 62' lang='lat' dir='ltr'>maracleam}</span> 
     </span>
    </p>
   </div>
   <div class='ocr_carea' id='block_1_7' title="bbox 389 4290 1754 4485">
    <p class='ocr_par' dir='ltr' id='par_1_7' title="bbox 389 4290 1754 4485">
     <span class='ocr_line' id='line_1_27' title="bbox 389 4290 1754 4381; baseline 0.018 -39"><span class='ocrx_word' id='word_1_187' title='bbox 389 4292 548 4372; x_wconf 49' lang='grc' dir='ltr'>κομψὰ.</span> <span class='ocrx_word' id='word_1_188' title='bbox 605 4290 796 4380; x_wconf 82' lang='lat' dir='ltr'>Eodemque</span> <span class='ocrx_word' id='word_1_189' title='bbox 819 4314 916 4374; x_wconf 91' lang='lat' dir='ltr'>anno,</span> <span class='ocrx_word' id='word_1_190' title='bbox 941 4292 1027 4358; x_wconf 87' lang='lat' dir='ltr'>circa</span> <span class='ocrx_word' id='word_1_191' title='bbox 1046 4290 1168 4357; x_wconf 86' lang='lat' dir='ltr'>fastum</span> <span class='ocrx_word' id='word_1_192' title='bbox 1192 4291 1376 4360; x_wconf 80' lang='lat' dir='ltr'>Dominicoe</span> <span class='ocrx_word' id='word_1_193' title='bbox 1393 4294 1608 4376; x_wconf 70' lang='lat' dir='ltr'>Ascansionia</span> <span class='ocrx_word' id='word_1_194' title='bbox 1652 4325 1754 4381; x_wconf 74' lang='lat' dir='ltr'>laune.</span> 
     </span>
     <span class='ocr_line' id='line_1_28' title="bbox 428 4367 1720 4485; baseline 0.01 -29"><span class='ocrx_word' id='word_1_195' title='bbox 428 4375 462 4410; x_wconf 47' lang='grc' dir='ltr'>ι’·</span> <span class='ocrx_word' id='word_1_196' title='bbox 474 4367 514 4412; x_wconf 78' lang='lat'>⁸⁵⁰</span> <span class='ocrx_word' id='word_1_197' title='bbox 541 4395 738 4475; x_wconf 71' lang='lat' dir='ltr'>‚Walterua</span> <span class='ocrx_word' id='word_1_198' title='bbox 753 4391 996 4483; x_wconf 76' lang='lat' dir='ltr'>cognomento²</span> <span class='ocrx_word' id='word_1_199' title='bbox 1016 4393 1285 4474; x_wconf 83' lang='lat' dir='ltr'>Malus-clericus,</span> <span class='ocrx_word' id='word_1_200' title='bbox 1310 4397 1368 4482; x_wconf 92' lang='lat' dir='ltr'>qui</span> <span class='ocrx_word' id='word_1_201' title='bbox 1390 4418 1411 4462; x_wconf 92' lang='lat' dir='ltr'>a</span> <span class='ocrx_word' id='word_1_202' title='bbox 1431 4399 1608 4485; x_wconf 84' lang='lat' dir='ltr'>pubescen·</span> <span class='ocrx_word' id='word_1_203' title='bbox 1621 4416 1720 4469; x_wconf 74' lang='lat' dir='ltr'>walter</span> 
     </span>
    </p>
   </div>
   <div class='ocr_carea' id='block_1_8' title="bbox 540 4484 1784 4794">
    <p class='ocr_par' dir='ltr' id='par_1_8' title="bbox 540 4484 1784 4794">
     <span class='ocr_line' id='line_1_29' title="bbox 540 4484 1784 4616; baseline 0.01 -59"><span class='ocrx_word' id='word_1_204' title='bbox 540 4498 652 4563; x_wconf 69' lang='lat' dir='ltr'>tibus</span> <span class='ocrx_word' id='word_1_205' title='bbox 674 4496 770 4563; x_wconf 89' lang='lat' dir='ltr'>annis</span> <span class='ocrx_word' id='word_1_206' title='bbox 792 4498 916 4563; x_wconf 87' lang='lat' dir='ltr'>curiam</span> <span class='ocrx_word' id='word_1_207' title='bbox 932 4502 1132 4573; x_wconf 86' lang='lat' dir='ltr'>exercuerat,</span> <span class='ocrx_word' id='word_1_208' title='bbox 1153 4519 1221 4563; x_wconf 89' lang='lat' dir='ltr'>non</span> <span class='ocrx_word' id='word_1_209' title='bbox 1236 4500 1382 4565; x_wconf 86' lang='lat' dir='ltr'>moribus</span> <span class='ocrx_word' id='word_1_210' title='bbox 1401 4502 1458 4566; x_wconf 90' lang='lat' dir='ltr'>sad</span> <span class='ocrx_word' id='word_1_211' title='bbox 1476 4523 1553 4589; x_wconf 86' lang='lat' dir='ltr'>rego</span> <span class='ocrx_word' id='word_1_212' title='bbox 1574 4508 1609 4568; x_wconf 88' lang='lat' dir='ltr'>at</span> <span class='ocrx_word' id='word_1_213' title='bbox 1621 4484 1784 4616; x_wconf 49' lang='lat' dir='ltr'>miffar</span> 
     </span>
     <span class='ocr_line' id='line_1_30' title="bbox 540 4590 1744 4692; baseline 0.002 -26"><span class='ocrx_word' id='word_1_214' title='bbox 540 4600 676 4666; x_wconf 87' lang='lat' dir='ltr'>-aulicia</span> <span class='ocrx_word' id='word_1_215' title='bbox 709 4599 1002 4678; x_wconf 82' lang='lat' dir='ltr'>intercedentibus,</span> <span class='ocrx_word' id='word_1_216' title='bbox 1034 4604 1240 4666; x_wconf 88' lang='lat' dir='ltr'>consecratus</span> <span class='ocrx_word' id='word_1_217' title='bbox 1273 4606 1324 4667; x_wconf 86' lang='lat' dir='ltr'>eat</span> <span class='ocrx_word' id='word_1_218' title='bbox 1354 4604 1390 4668; x_wconf 89' lang='lat' dir='ltr'>in</span> <span class='ocrx_word' id='word_1_219' title='bbox 1421 4603 1609 4692; x_wconf 85' lang='lat' dir='ltr'>episcopum</span> <span class='ocrx_word' id='word_1_220' title='bbox 1622 4590 1744 4670; x_wconf 55' lang='lat' dir='ltr'>calide]</span> 
     </span>
     <span class='ocr_line' id='line_1_31' title="bbox 561 4701 1611 4794; baseline 0.003 -25"><span class='ocrx_word' id='word_1_221' title='bbox 561 4702 812 4783; x_wconf 84' lang='lat' dir='ltr'>Carleolensem‚</span> <span class='ocrx_word' id='word_1_222' title='bbox 835 4725 894 4789; x_wconf 89' lang='lat' dir='ltr'>per</span> <span class='ocrx_word' id='word_1_223' title='bbox 926 4724 1063 4767; x_wconf 89' lang='lat' dir='ltr'>manum</span> <span class='ocrx_word' id='word_1_224' title='bbox 1085 4701 1236 4786; x_wconf 82' lang='lat' dir='ltr'>Walteri,</span> <span class='ocrx_word' id='word_1_225' title='bbox 1261 4704 1497 4794; x_wconf 84' lang='lat' dir='ltr'>archiepiscopi</span> <span class='ocrx_word' id='word_1_226' title='bbox 1523 4704 1611 4772; x_wconf 83' lang='lat' dir='ltr'>Ebo-</span> 
     </span>
    </p>
   </div>
   <div class='ocr_carea' id='block_1_9' title="bbox 559 4807 711 4872">
    <p class='ocr_par' dir='ltr' id='par_1_9' title="bbox 559 4807 711 4872">
     <span class='ocr_line' id='line_1_32' title="bbox 559 4807 711 4872; baseline -0.007 -1"><span class='ocrx_word' id='word_1_227' title='bbox 559 4807 711 4872; x_wconf 82' lang='lat' dir='ltr'>recensis.</span> 
     </span>
    </p>
   </div>
   <div class='ocr_carea' id='block_1_10' title="bbox 665 4959 1607 4969">
    <p class='ocr_par' dir='ltr' id='par_1_10' title="bbox 665 4959 1607 4969">
     <span class='ocr_line' id='line_1_33' title="bbox 665 4959 1607 4969; baseline -0.002 -1"><span class='ocrx_word' id='word_1_228' title='bbox 665 4964 679 4969; x_wconf 93' lang='lat'>..</span> <span class='ocrx_word' id='word_1_229' title='bbox 686 4960 869 4968; x_wconf 70' lang='lat'>-————--</span> <span class='ocrx_word' id='word_1_230' title='bbox 1083 4960 1173 4966; x_wconf 78' lang='lat'>.-—-</span> <span class='ocrx_word' id='word_1_231' title='bbox 1494 4959 1607 4967; x_wconf 53' lang='grc'>*-</span> 
     </span>
    </p>
   </div>
   <div class='ocr_carea' id='block_1_11' title="bbox 561 5040 1599 5199">
    <p class='ocr_par' dir='ltr' id='par_1_11' title="bbox 561 5040 1599 5199">
     <span class='ocr_line' id='line_1_34' title="bbox 594 5040 1599 5108; baseline -0.013 -3"><span class='ocrx_word' id='word_1_232' title='bbox 594 5056 604 5084; x_wconf 77' lang='lat'>²</span> <span class='ocrx_word' id='word_1_233' title='bbox 615 5053 642 5104; x_wconf 83' lang='lat' dir='ltr'><strong>A</strong></span> <span class='ocrx_word' id='word_1_234' title='bbox 655 5048 727 5104; x_wconf 78' lang='lat' dir='ltr'>small</span> <span class='ocrx_word' id='word_1_235' title='bbox 743 5049 839 5102; x_wconf 76' lang='lat' dir='ltr'>ctoaicr</span> <span class='ocrx_word' id='word_1_236' title='bbox 850 5048 872 5100; x_wconf 83' lang='lat' dir='ltr'>la</span> <span class='ocrx_word' id='word_1_237' title='bbox 883 5049 971 5100; x_wconf 67' lang='lat' dir='ltr'>drawn</span> <span class='ocrx_word' id='word_1_238' title='bbox 981 5046 1010 5100; x_wconf 81' lang='lat' dir='ltr'>tu</span> <span class='ocrx_word' id='word_1_239' title='bbox 1019 5048 1063 5101; x_wconf 81' lang='lat' dir='ltr'>the</span> <span class='ocrx_word' id='word_1_240' title='bbox 1130 5041 1141 5070; x_wconf 83' lang='lat'>²</span> <span class='ocrx_word' id='word_1_241' title='bbox 1151 5041 1315 5108; x_wconf 64' lang='lat' dir='ltr'>ammento]</span> <span class='ocrx_word' id='word_1_242' title='bbox 1334 5047 1531 5107; x_wconf 71' lang='lat' dir='ltr'>coagmenta,</span> <span class='ocrx_word' id='word_1_243' title='bbox 1542 5040 1599 5095; x_wconf 78' lang='lat' dir='ltr'>MS.</span> 
     </span>
     <span class='ocr_line' id='line_1_35' title="bbox 561 5148 667 5199; baseline -0.028 -14"><span class='ocrx_word' id='word_1_244' title='bbox 561 5148 667 5199; x_wconf 79' lang='lat' dir='ltr'>margin.</span> 
     </span>
    </p>
   </div>
   <div class='ocr_carea' id='block_1_12' title="bbox 0 0 2281 6420">
    <p class='ocr_par' dir='ltr' id='par_1_12' title="bbox 0 0 2281 6420">
     <span class='ocr_line' id='line_1_36' title="bbox 0 0 2281 6420; baseline 0 0"><span class='ocrx_word' id='word_1_245' title='bbox 0 0 2281 6420; x_wconf 95' lang='lat' dir='ltr'> </span> 
     </span>
    </p>
   </div>
  </div>
 </body>
</html>
