<?xml version="1.0" encoding="UTF-8"?>
<!DOCTYPE html PUBLIC "-//W3C//DTD XHTML 1.0 Transitional//EN"
    "http://www.w3.org/TR/xhtml1/DTD/xhtml1-transitional.dtd">
<html xmlns="http://www.w3.org/1999/xhtml" xml:lang="en" lang="en">
 <head>
  <title>
</title>
<meta http-equiv="Content-Type" content="text/html;charset=utf-8" />
  <meta name='ocr-system' content='tesseract 3.04.00' />
  <meta name='ocr-capabilities' content='ocr_page ocr_carea ocr_par ocr_line ocrx_word'/>
</head>
<body>
  <div class='ocr_page' id='page_1' title='image "./matthiparisiens00parigoog/matthiparisiens00parigoog_0292.png"; bbox 0 0 4517 6425; ppageno 0'>
   <div class='ocr_carea' id='block_1_1' title="bbox 652 1173 1587 1236">
    <p class='ocr_par' dir='ltr' id='par_1_1' title="bbox 652 1173 1587 1236">
     <span class='ocr_line' id='line_1_1' title="bbox 652 1173 1587 1236; baseline -0.009 0"><span class='ocrx_word' id='word_1_1' title='bbox 652 1173 717 1236; x_wconf 80' lang='lat'>280</span> <span class='ocrx_word' id='word_1_2' title='bbox 780 1184 947 1234; x_wconf 79' lang='lat' dir='ltr'>narrum</span> <span class='ocrx_word' id='word_1_3' title='bbox 970 1183 1181 1233; x_wconf 78' lang='lat' dir='ltr'>ramsmnsrs</span> <span class='ocrx_word' id='word_1_4' title='bbox 1203 1179 1367 1233; x_wconf 75' lang='lat' dir='ltr'>maroam</span> <span class='ocrx_word' id='word_1_5' title='bbox 1388 1180 1587 1231; x_wconf 79' lang='lat' dir='ltr'>annnorum</span> 
     </span>
    </p>
   </div>
   <div class='ocr_carea' id='block_1_2' title="bbox 483 1436 1701 1518">
    <p class='ocr_par' dir='ltr' id='par_1_2' title="bbox 483 1436 1701 1518">
     <span class='ocr_line' id='line_1_2' title="bbox 483 1436 1701 1518; baseline -0.004 -10"><span class='ocrx_word' id='word_1_6' title='bbox 483 1467 554 1518; x_wconf 66' lang='lat' dir='ltr'>Ap,</span> <span class='ocrx_word' id='word_1_7' title='bbox 568 1472 640 1517; x_wconf 71' lang='lat'>122⁶,</span> <span class='ocrx_word' id='word_1_8' title='bbox 683 1438 732 1505; x_wconf 82' lang='lat' dir='ltr'>Dc</span> <span class='ocrx_word' id='word_1_9' title='bbox 757 1438 930 1505; x_wconf 78' lang='lat' dir='ltr'>laudabili</span> <span class='ocrx_word' id='word_1_10' title='bbox 953 1446 1058 1506; x_wconf 81' lang='lat' dir='ltr'>morte</span> <span class='ocrx_word' id='word_1_11' title='bbox 1078 1438 1250 1518; x_wconf 72' lang='lat' dir='ltr'>thtmt,</span> <span class='ocrx_word' id='word_1_12' title='bbox 1273 1438 1408 1506; x_wconf 76' lang='lat' dir='ltr'>comitto</span> <span class='ocrx_word' id='word_1_13' title='bbox 1431 1436 1701 1506; x_wconf 73' lang='lat' dir='ltr'>Soresdirierma&#39;a</span> 
     </span>
    </p>
   </div>
   <div class='ocr_carea' id='block_1_3' title="bbox 483 1587 1873 3009">
    <p class='ocr_par' dir='ltr' id='par_1_3' title="bbox 483 1587 1873 3009">
     <span class='ocr_line' id='line_1_3' title="bbox 483 1587 1873 1676; baseline 0.003 -22"><span class='ocrx_word' id='word_1_14' title='bbox 483 1616 623 1668; x_wconf 75' lang='lat' dir='ltr'>mturnof</span> <span class='ocrx_word' id='word_1_15' title='bbox 699 1589 772 1654; x_wconf 84' lang='lat' dir='ltr'>Rex</span> <span class='ocrx_word' id='word_1_16' title='bbox 803 1590 987 1676; x_wconf 83' lang='lat' dir='ltr'>Anglorum</span> <span class='ocrx_word' id='word_1_17' title='bbox 1019 1590 1153 1667; x_wconf 89' lang='lat' dir='ltr'>interea,</span> <span class='ocrx_word' id='word_1_18' title='bbox 1194 1611 1268 1654; x_wconf 91' lang='lat' dir='ltr'>cum</span> <span class='ocrx_word' id='word_1_19' title='bbox 1301 1589 1390 1675; x_wconf 92' lang='lat' dir='ltr'>apud</span> <span class='ocrx_word' id='word_1_20' title='bbox 1425 1587 1629 1674; x_wconf 85' lang='lat' dir='ltr'>Merlcberge</span> <span class='ocrx_word' id='word_1_21' title='bbox 1658 1587 1701 1651; x_wconf 89' lang='lat' dir='ltr'>ab</span> <span class='ocrx_word' id='word_1_22' title='bbox 1713 1606 1873 1671; x_wconf 64' lang='lat' dir='ltr'>Rogo-&#39;end</span> 
     </span>
     <span class='ocr_line' id='line_1_4' title="bbox 485 1675 1846 1802; baseline -0.002 -47"><span class='ocrx_word' id='word_1_23' title='bbox 485 1684 590 1802; x_wconf 56' lang='lat' dir='ltr'>tshalillrl</span> <span class='ocrx_word' id='word_1_24' title='bbox 603 1684 633 1732; x_wconf 85' lang='lat' dir='ltr'>of</span> <span class='ocrx_word' id='word_1_25' title='bbox 653 1691 846 1757; x_wconf 87' lang='lat' dir='ltr'>infirmitate</span> <span class='ocrx_word' id='word_1_26' title='bbox 873 1714 933 1756; x_wconf 90' lang='lat' dir='ltr'>sua</span> <span class='ocrx_word' id='word_1_27' title='bbox 954 1693 1051 1778; x_wconf 85' lang='lat' dir='ltr'>plene</span> <span class='ocrx_word' id='word_1_28' title='bbox 1074 1691 1139 1756; x_wconf 87' lang='lat' dir='ltr'>Dei</span> <span class='ocrx_word' id='word_1_29' title='bbox 1161 1691 1270 1779; x_wconf 89' lang='lat' dir='ltr'>gratia</span> <span class='ocrx_word' id='word_1_30' title='bbox 1292 1691 1519 1768; x_wconf 86' lang='lat' dir='ltr'>convaluisset,</span> <span class='ocrx_word' id='word_1_31' title='bbox 1542 1690 1636 1756; x_wconf 90' lang='lat' dir='ltr'>venit</span> <span class='ocrx_word' id='word_1_32' title='bbox 1658 1690 1701 1753; x_wconf 87' lang='lat' dir='ltr'>ad</span> <span class='ocrx_word' id='word_1_33' title='bbox 1740 1675 1775 1725; x_wconf 83' lang='lat' dir='ltr'>iv.</span> <span class='ocrx_word' id='word_1_34' title='bbox 1790 1679 1846 1728; x_wconf 76' lang='lat'><strong>¹¹⁶·</strong></span> 
     </span>
     <span class='ocr_line' id='line_1_5' title="bbox 485 1765 1705 1880; baseline -0.01 -13"><span class='ocrx_word' id='word_1_35' title='bbox 485 1765 626 1867; x_wconf 58' lang='lat' dir='ltr'>andtilry&#39;</span> <span class='ocrx_word' id='word_1_36' title='bbox 654 1816 729 1859; x_wconf 88' lang='lat' dir='ltr'>eum</span> <span class='ocrx_word' id='word_1_37' title='bbox 752 1793 800 1859; x_wconf 92' lang='lat' dir='ltr'>ibi</span> <span class='ocrx_word' id='word_1_38' title='bbox 816 1792 1009 1871; x_wconf 87' lang='lat' dir='ltr'>Willelmus,</span> <span class='ocrx_word' id='word_1_39' title='bbox 1023 1815 1130 1859; x_wconf 86' lang='lat' dir='ltr'>comes</span> <span class='ocrx_word' id='word_1_40' title='bbox 1153 1793 1411 1874; x_wconf 87' lang='lat' dir='ltr'>Saresbiriensis,</span> <span class='ocrx_word' id='word_1_41' title='bbox 1434 1792 1494 1879; x_wconf 88' lang='lat' dir='ltr'>qui</span> <span class='ocrx_word' id='word_1_42' title='bbox 1515 1797 1590 1880; x_wconf 92' lang='lat' dir='ltr'>post</span> <span class='ocrx_word' id='word_1_43' title='bbox 1605 1792 1705 1878; x_wconf 85' lang='lat' dir='ltr'>longa</span> 
     </span>
     <span class='ocr_line' id='line_1_6' title="bbox 484 1884 1705 2015; baseline -0.002 -54"><span class='ocrx_word' id='word_1_44' title='bbox 484 1884 641 2015; x_wconf 54' lang='lat' dir='ltr'>ffilffi</span> <span class='ocrx_word' id='word_1_45' title='bbox 655 1897 757 1961; x_wconf 89' lang='lat' dir='ltr'>maris</span> <span class='ocrx_word' id='word_1_46' title='bbox 778 1896 924 1981; x_wconf 89' lang='lat' dir='ltr'>pericula</span> <span class='ocrx_word' id='word_1_47' title='bbox 946 1902 1045 1961; x_wconf 87' lang='lat' dir='ltr'>antea</span> <span class='ocrx_word' id='word_1_48' title='bbox 1066 1897 1103 1961; x_wconf 90' lang='lat' dir='ltr'>in</span> <span class='ocrx_word' id='word_1_49' title='bbox 1129 1895 1247 1961; x_wconf 89' lang='lat' dir='ltr'>diebus</span> <span class='ocrx_word' id='word_1_50' title='bbox 1270 1896 1446 1961; x_wconf 83' lang='lat' dir='ltr'>Nataliciis</span> <span class='ocrx_word' id='word_1_51' title='bbox 1477 1896 1514 1960; x_wconf 93' lang='lat' dir='ltr'>in</span> <span class='ocrx_word' id='word_1_52' title='bbox 1536 1893 1705 1960; x_wconf 87' lang='lat' dir='ltr'>Cornubia</span> 
     </span>
     <span class='ocr_line' id='line_1_7' title="bbox 654 1998 1705 2086; baseline -0.004 -21"><span class='ocrx_word' id='word_1_53' title='bbox 654 2021 729 2065; x_wconf 88' lang='lat' dir='ltr'>cum</span> <span class='ocrx_word' id='word_1_54' title='bbox 752 1998 947 2064; x_wconf 86' lang='lat' dir='ltr'>difficultate</span> <span class='ocrx_word' id='word_1_55' title='bbox 979 1998 1188 2086; x_wconf 84' lang='lat' dir='ltr'>applicuerat</span> <span class='ocrx_word' id='word_1_56' title='bbox 1235 1998 1302 2079; x_wconf 82' lang='lat' dir='ltr'>Qui</span> <span class='ocrx_word' id='word_1_57' title='bbox 1336 2020 1411 2064; x_wconf 88' lang='lat' dir='ltr'>cum</span> <span class='ocrx_word' id='word_1_58' title='bbox 1442 1998 1557 2063; x_wconf 89' lang='lat' dir='ltr'>fuisset</span> <span class='ocrx_word' id='word_1_59' title='bbox 1582 2019 1603 2062; x_wconf 88' lang='lat' dir='ltr'>a</span> <span class='ocrx_word' id='word_1_60' title='bbox 1629 2018 1705 2083; x_wconf 87' lang='lat' dir='ltr'>rege</span> 
     </span>
     <span class='ocr_line' id='line_1_8' title="bbox 653 2100 1704 2188; baseline -0.001 -23"><span class='ocrx_word' id='word_1_61' title='bbox 653 2108 825 2187; x_wconf 81' lang='lat' dir='ltr'>gratanter</span> <span class='ocrx_word' id='word_1_62' title='bbox 855 2106 1035 2188; x_wconf 89' lang='lat' dir='ltr'>susceptus,</span> <span class='ocrx_word' id='word_1_63' title='bbox 1060 2101 1100 2167; x_wconf 91' lang='lat' dir='ltr'>de</span> <span class='ocrx_word' id='word_1_64' title='bbox 1124 2100 1311 2187; x_wconf 88' lang='lat' dir='ltr'>justiciario</span> <span class='ocrx_word' id='word_1_65' title='bbox 1337 2123 1446 2166; x_wconf 90' lang='lat' dir='ltr'>coram</span> <span class='ocrx_word' id='word_1_66' title='bbox 1471 2123 1547 2187; x_wconf 88' lang='lat' dir='ltr'>rege</span> <span class='ocrx_word' id='word_1_67' title='bbox 1569 2122 1704 2187; x_wconf 88' lang='lat' dir='ltr'>gravem</span> 
     </span>
     <span class='ocr_line' id='line_1_9' title="bbox 654 2203 1705 2291; baseline -0.001 -22"><span class='ocrx_word' id='word_1_68' title='bbox 654 2204 808 2291; x_wconf 78' lang='lat' dir='ltr'>deposuit</span> <span class='ocrx_word' id='word_1_69' title='bbox 828 2204 1004 2291; x_wconf 85' lang='lat' dir='ltr'>querelam,</span> <span class='ocrx_word' id='word_1_70' title='bbox 1020 2204 1118 2290; x_wconf 93' lang='lat' dir='ltr'>quod,</span> <span class='ocrx_word' id='word_1_71' title='bbox 1141 2204 1221 2269; x_wconf 84' lang='lat' dir='ltr'>dum</span> <span class='ocrx_word' id='word_1_72' title='bbox 1236 2203 1274 2268; x_wconf 91' lang='lat' dir='ltr'>in</span> <span class='ocrx_word' id='word_1_73' title='bbox 1295 2204 1430 2269; x_wconf 90' lang='lat' dir='ltr'>remotis</span> <span class='ocrx_word' id='word_1_74' title='bbox 1452 2203 1604 2290; x_wconf 85' lang='lat' dir='ltr'>partibus</span> <span class='ocrx_word' id='word_1_75' title='bbox 1619 2209 1705 2268; x_wconf 87' lang='lat' dir='ltr'>esset</span> 
     </span>
     <span class='ocr_line' id='line_1_10' title="bbox 654 2306 1704 2394; baseline -0.001 -23"><span class='ocrx_word' id='word_1_76' title='bbox 654 2309 690 2371; x_wconf 92' lang='lat' dir='ltr'>in</span> <span class='ocrx_word' id='word_1_77' title='bbox 713 2307 850 2371; x_wconf 90' lang='lat' dir='ltr'>servitio</span> <span class='ocrx_word' id='word_1_78' title='bbox 874 2328 940 2384; x_wconf 87' lang='lat' dir='ltr'>suo,</span> <span class='ocrx_word' id='word_1_79' title='bbox 964 2308 1035 2394; x_wconf 88' lang='lat' dir='ltr'>ipse</span> <span class='ocrx_word' id='word_1_80' title='bbox 1059 2307 1194 2372; x_wconf 87' lang='lat' dir='ltr'>miserat</span> <span class='ocrx_word' id='word_1_81' title='bbox 1219 2306 1329 2372; x_wconf 87' lang='lat' dir='ltr'>virum</span> <span class='ocrx_word' id='word_1_82' title='bbox 1354 2307 1555 2393; x_wconf 81' lang='lat' dir='ltr'>degenerem,</span> <span class='ocrx_word' id='word_1_83' title='bbox 1577 2308 1643 2392; x_wconf 92' lang='lat' dir='ltr'>qui,</span> <span class='ocrx_word' id='word_1_84' title='bbox 1666 2328 1704 2370; x_wconf 93' lang='lat' dir='ltr'>eo</span> 
     </span>
     <span class='ocr_line' id='line_1_11' title="bbox 655 2409 1703 2497; baseline -0.001 -23"><span class='ocrx_word' id='word_1_85' title='bbox 655 2411 799 2485; x_wconf 83' lang='lat' dir='ltr'>vivente,</span> <span class='ocrx_word' id='word_1_86' title='bbox 832 2432 906 2475; x_wconf 89' lang='lat' dir='ltr'>eum</span> <span class='ocrx_word' id='word_1_87' title='bbox 942 2431 1043 2475; x_wconf 85' lang='lat' dir='ltr'>uxore</span> <span class='ocrx_word' id='word_1_88' title='bbox 1066 2431 1127 2474; x_wconf 92' lang='lat' dir='ltr'>sua</span> <span class='ocrx_word' id='word_1_89' title='bbox 1152 2409 1315 2497; x_wconf 72' lang='lat' dir='ltr'>disposuit</span> <span class='ocrx_word' id='word_1_90' title='bbox 1337 2409 1493 2475; x_wconf 87' lang='lat' dir='ltr'>fornicari</span> <span class='ocrx_word' id='word_1_91' title='bbox 1516 2414 1550 2474; x_wconf 88' lang='lat' dir='ltr'>et</span> <span class='ocrx_word' id='word_1_92' title='bbox 1577 2409 1703 2473; x_wconf 87' lang='lat' dir='ltr'>adulte·</span> 
     </span>
     <span class='ocr_line' id='line_1_12' title="bbox 654 2512 1704 2597; baseline 0.003 -22"><span class='ocrx_word' id='word_1_93' title='bbox 654 2512 764 2576; x_wconf 90' lang='lat' dir='ltr'>riuum</span> <span class='ocrx_word' id='word_1_94' title='bbox 798 2534 872 2577; x_wconf 90' lang='lat' dir='ltr'>cnm</span> <span class='ocrx_word' id='word_1_95' title='bbox 911 2513 982 2597; x_wconf 87' lang='lat' dir='ltr'>ipsa</span> <span class='ocrx_word' id='word_1_96' title='bbox 1019 2513 1270 2577; x_wconf 73' lang='lat' dir='ltr'><strong>matrimonium</strong></span> <span class='ocrx_word' id='word_1_97' title='bbox 1308 2512 1499 2577; x_wconf 80' lang='lat' dir='ltr'>contrahere</span> <span class='ocrx_word' id='word_1_98' title='bbox 1536 2513 1704 2578; x_wconf 83' lang='lat' dir='ltr'>violenter.</span> 
     </span>
     <span class='ocr_line' id='line_1_13' title="bbox 655 2614 1705 2701; baseline 0.001 -22"><span class='ocrx_word' id='word_1_99' title='bbox 655 2614 799 2680; x_wconf 84' lang='lat' dir='ltr'>Addidit</span> <span class='ocrx_word' id='word_1_100' title='bbox 821 2615 965 2701; x_wconf 88' lang='lat' dir='ltr'>insuper,</span> <span class='ocrx_word' id='word_1_101' title='bbox 990 2615 1078 2700; x_wconf 93' lang='lat' dir='ltr'>quod</span> <span class='ocrx_word' id='word_1_102' title='bbox 1109 2615 1175 2679; x_wconf 90' lang='lat' dir='ltr'>nisi</span> <span class='ocrx_word' id='word_1_103' title='bbox 1208 2637 1270 2680; x_wconf 87' lang='lat' dir='ltr'>rex</span> <span class='ocrx_word' id='word_1_104' title='bbox 1304 2616 1437 2701; x_wconf 88' lang='lat' dir='ltr'>plenam</span> <span class='ocrx_word' id='word_1_105' title='bbox 1469 2615 1534 2680; x_wconf 89' lang='lat' dir='ltr'>sibi</span> <span class='ocrx_word' id='word_1_106' title='bbox 1569 2615 1609 2679; x_wconf 88' lang='lat' dir='ltr'>de</span> <span class='ocrx_word' id='word_1_107' title='bbox 1634 2616 1705 2701; x_wconf 91' lang='lat' dir='ltr'>ipso</span> 
     </span>
     <span class='ocr_line' id='line_1_14' title="bbox 653 2716 1705 2805; baseline 0 -24"><span class='ocrx_word' id='word_1_108' title='bbox 653 2716 776 2782; x_wconf 86' lang='lat' dir='ltr'>faceret</span> <span class='ocrx_word' id='word_1_109' title='bbox 804 2717 973 2802; x_wconf 88' lang='lat' dir='ltr'>justitiam</span> <span class='ocrx_word' id='word_1_110' title='bbox 996 2717 1154 2794; x_wconf 86' lang='lat' dir='ltr'>exhiberi,</span> <span class='ocrx_word' id='word_1_111' title='bbox 1181 2717 1322 2805; x_wconf 87' lang='lat' dir='ltr'>ipsemet</span> <span class='ocrx_word' id='word_1_112' title='bbox 1345 2723 1506 2804; x_wconf 83' lang='lat' dir='ltr'>quaereret</span> <span class='ocrx_word' id='word_1_113' title='bbox 1537 2718 1577 2783; x_wconf 89' lang='lat' dir='ltr'>dc</span> <span class='ocrx_word' id='word_1_114' title='bbox 1610 2723 1705 2783; x_wconf 88' lang='lat' dir='ltr'>tanto</span> 
     </span>
     <span class='ocr_line' id='line_1_15' title="bbox 655 2818 1706 2907; baseline 0 -23"><span class='ocrx_word' id='word_1_115' title='bbox 655 2840 787 2884; x_wconf 85' lang='lat' dir='ltr'>excessu</span> <span class='ocrx_word' id='word_1_116' title='bbox 810 2818 1000 2897; x_wconf 87' lang='lat' dir='ltr'>vindictam,</span> <span class='ocrx_word' id='word_1_117' title='bbox 1025 2820 1061 2883; x_wconf 94' lang='lat' dir='ltr'>in</span> <span class='ocrx_word' id='word_1_118' title='bbox 1084 2820 1314 2905; x_wconf 87' lang='lat' dir='ltr'>gravissimam</span> <span class='ocrx_word' id='word_1_119' title='bbox 1336 2820 1429 2906; x_wconf 81' lang='lat' dir='ltr'>regni</span> <span class='ocrx_word' id='word_1_120' title='bbox 1451 2820 1556 2886; x_wconf 89' lang='lat' dir='ltr'>totius</span> <span class='ocrx_word' id='word_1_121' title='bbox 1578 2826 1706 2907; x_wconf 77' lang='lat' dir='ltr'>pertur-</span> 
     </span>
     <span class='ocr_line' id='line_1_16' title="bbox 487 2921 1724 3009; baseline -0.001 -22"><span class='ocrx_word' id='word_1_122' title='bbox 487 2937 611 2988; x_wconf 64' lang='lat' dir='ltr'>Heirre</span> <span class='ocrx_word' id='word_1_123' title='bbox 655 2921 832 2987; x_wconf 86' lang='lat' dir='ltr'>bationem</span> <span class='ocrx_word' id='word_1_124' title='bbox 879 2922 971 2987; x_wconf 87' lang='lat' dir='ltr'>Tunc</span> <span class='ocrx_word' id='word_1_125' title='bbox 989 2921 1194 3006; x_wconf 73' lang='lat' dir='ltr'>justiciarius</span> <span class='ocrx_word' id='word_1_126' title='bbox 1219 2922 1398 2987; x_wconf 89' lang='lat' dir='ltr'>humilians</span> <span class='ocrx_word' id='word_1_127' title='bbox 1420 2945 1463 3002; x_wconf 85' lang='lat' dir='ltr'>sc,</span> <span class='ocrx_word' id='word_1_128' title='bbox 1480 2928 1514 2988; x_wconf 93' lang='lat' dir='ltr'>et</span> <span class='ocrx_word' id='word_1_129' title='bbox 1536 2923 1724 3009; x_wconf 85' lang='lat' dir='ltr'>proprium.</span> 
     </span>
    </p>
   </div>
   <div class='ocr_carea' id='block_1_4' title="bbox 488 3006 1706 3133">
    <p class='ocr_par' dir='ltr' id='par_1_4' title="bbox 488 3006 1706 3133">
     <span class='ocr_line' id='line_1_17' title="bbox 488 3006 1706 3133; baseline 0.016 -58"><span class='ocrx_word' id='word_1_130' title='bbox 488 3006 632 3133; x_wconf 41' lang='lat' dir='ltr'>ffl‘ssffi</span> <span class='ocrx_word' id='word_1_131' title='bbox 655 3023 870 3111; x_wconf 78' lang='lat' dir='ltr'>cognoscens¹</span> <span class='ocrx_word' id='word_1_132' title='bbox 906 3030 941 3089; x_wconf 93' lang='lat' dir='ltr'>et</span> <span class='ocrx_word' id='word_1_133' title='bbox 963 3024 1129 3089; x_wconf 83' lang='lat' dir='ltr'>confessus</span> <span class='ocrx_word' id='word_1_134' title='bbox 1151 3030 1280 3108; x_wconf 75' lang='lat' dir='ltr'>reatum</span> <span class='ocrx_word' id='word_1_135' title='bbox 1307 3031 1343 3090; x_wconf 91' lang='lat' dir='ltr'>et</span> <span class='ocrx_word' id='word_1_136' title='bbox 1366 3047 1516 3105; x_wconf 87' lang='lat' dir='ltr'>errorem,</span> <span class='ocrx_word' id='word_1_137' title='bbox 1553 3025 1589 3090; x_wconf 90' lang='lat' dir='ltr'>in</span> <span class='ocrx_word' id='word_1_138' title='bbox 1613 3026 1706 3111; x_wconf 89' lang='lat' dir='ltr'>equis</span> 
     </span>
    </p>
   </div>
   <div class='ocr_carea' id='block_1_5' title="bbox 486 3126 1731 3215">
    <p class='ocr_par' dir='ltr' id='par_1_5' title="bbox 486 3126 1731 3215">
     <span class='ocr_line' id='line_1_18' title="bbox 486 3126 1731 3215; baseline 0.006 -28"><span class='ocrx_word' id='word_1_139' title='bbox 486 3136 582 3203; x_wconf 72' lang='lat' dir='ltr'>ticiuy.</span> <span class='ocrx_word' id='word_1_140' title='bbox 656 3127 807 3214; x_wconf 87' lang='lat' dir='ltr'>pretiosis</span> <span class='ocrx_word' id='word_1_141' title='bbox 833 3131 868 3192; x_wconf 89' lang='lat' dir='ltr'>et</span> <span class='ocrx_word' id='word_1_142' title='bbox 890 3126 1082 3214; x_wconf 85' lang='lat' dir='ltr'>ingentibus</span> <span class='ocrx_word' id='word_1_143' title='bbox 1108 3126 1276 3192; x_wconf 85' lang='lat' dir='ltr'>donativis</span> <span class='ocrx_word' id='word_1_144' title='bbox 1309 3128 1453 3215; x_wconf 89' lang='lat' dir='ltr'>gratiam</span> <span class='ocrx_word' id='word_1_145' title='bbox 1484 3129 1614 3193; x_wconf 86' lang='lat' dir='ltr'>comitis</span> <span class='ocrx_word' id='word_1_146' title='bbox 1643 3127 1731 3194; x_wconf 78' lang='lat' dir='ltr'>sibi‘</span> 
     </span>
    </p>
   </div>
   <div class='ocr_carea' id='block_1_6' title="bbox 486 3229 1877 4750">
    <p class='ocr_par' dir='ltr' id='par_1_6' title="bbox 486 3229 1877 4750">
     <span class='ocr_line' id='line_1_19' title="bbox 655 3229 1877 3317; baseline 0.002 -24"><span class='ocrx_word' id='word_1_147' title='bbox 655 3230 831 3316; x_wconf 84' lang='lat' dir='ltr'>reparavit.</span> <span class='ocrx_word' id='word_1_148' title='bbox 887 3229 933 3294; x_wconf 90' lang='lat' dir='ltr'>Et</span> <span class='ocrx_word' id='word_1_149' title='bbox 960 3230 1006 3295; x_wconf 88' lang='lat' dir='ltr'>sic</span> <span class='ocrx_word' id='word_1_150' title='bbox 1032 3230 1122 3295; x_wconf 86' lang='lat' dir='ltr'>facta</span> <span class='ocrx_word' id='word_1_151' title='bbox 1155 3231 1337 3310; x_wconf 86' lang='lat' dir='ltr'>concordia,</span> <span class='ocrx_word' id='word_1_152' title='bbox 1365 3232 1526 3297; x_wconf 84' lang='lat' dir='ltr'>invitavit</span> <span class='ocrx_word' id='word_1_153' title='bbox 1552 3233 1706 3297; x_wconf 87' lang='lat' dir='ltr'>comitem</span> <span class='ocrx_word' id='word_1_154' title='bbox 1719 3239 1877 3317; x_wconf 60' lang='lat' dir='ltr'>mgwend.</span> 
     </span>
     <span class='ocr_line' id='line_1_20' title="bbox 655 3309 1849 3420; baseline 0.002 -24"><span class='ocrx_word' id='word_1_155' title='bbox 655 3333 697 3396; x_wconf 88' lang='lat' dir='ltr'>ad</span> <span class='ocrx_word' id='word_1_156' title='bbox 720 3353 868 3397; x_wconf 89' lang='lat' dir='ltr'>mensam</span> <span class='ocrx_word' id='word_1_157' title='bbox 891 3353 994 3411; x_wconf 89' lang='lat' dir='ltr'>suam,</span> <span class='ocrx_word' id='word_1_158' title='bbox 1017 3332 1054 3396; x_wconf 94' lang='lat' dir='ltr'>in</span> <span class='ocrx_word' id='word_1_159' title='bbox 1070 3338 1199 3419; x_wconf 76' lang='lat' dir='ltr'>quant</span> <span class='ocrx_word' id='word_1_160' title='bbox 1221 3332 1351 3414; x_wconf 87' lang='lat' dir='ltr'>dicitur,</span> <span class='ocrx_word' id='word_1_161' title='bbox 1367 3334 1421 3398; x_wconf 87' lang='lat' dir='ltr'>vel</span> <span class='ocrx_word' id='word_1_162' title='bbox 1443 3333 1630 3420; x_wconf 76' lang='lat' dir='ltr'>crapulatus</span> <span class='ocrx_word' id='word_1_163' title='bbox 1652 3334 1724 3400; x_wconf 89' lang='lat' dir='ltr'>vel.</span> <span class='ocrx_word' id='word_1_164' title='bbox 1746 3321 1779 3356; x_wconf 82' lang='lat' dir='ltr'>rv.</span> <span class='ocrx_word' id='word_1_165' title='bbox 1795 3309 1849 3358; x_wconf 77' lang='lat'>¹¹⁷·</span> 
     </span>
     <span class='ocr_line' id='line_1_21' title="bbox 654 3434 1707 3523; baseline 0.003 -24"><span class='ocrx_word' id='word_1_166' title='bbox 654 3434 855 3522; x_wconf 90' lang='lat' dir='ltr'>potionatus,</span> <span class='ocrx_word' id='word_1_167' title='bbox 880 3435 954 3499; x_wconf 89' lang='lat' dir='ltr'>ilico</span> <span class='ocrx_word' id='word_1_168' title='bbox 978 3435 1020 3498; x_wconf 87' lang='lat' dir='ltr'>ad</span> <span class='ocrx_word' id='word_1_169' title='bbox 1044 3435 1213 3500; x_wconf 80' lang='lat' dir='ltr'>castellum</span> <span class='ocrx_word' id='word_1_170' title='bbox 1238 3457 1335 3500; x_wconf 89' lang='lat' dir='ltr'>suurn</span> <span class='ocrx_word' id='word_1_171' title='bbox 1362 3434 1603 3502; x_wconf 83' lang='lat' dir='ltr'>Saresbiricnse</span> <span class='ocrx_word' id='word_1_172' title='bbox 1633 3458 1707 3523; x_wconf 91' lang='lat' dir='ltr'>pro-</span> 
     </span>
     <span class='ocr_line' id='line_1_22' title="bbox 487 3536 1706 3624; baseline 0.007 -28"><span class='ocrx_word' id='word_1_173' title='bbox 487 3548 617 3613; x_wconf 76' lang='lat' dir='ltr'>nirpeni-</span> <span class='ocrx_word' id='word_1_174' title='bbox 653 3536 765 3614; x_wconf 86' lang='lat' dir='ltr'>fectus,</span> <span class='ocrx_word' id='word_1_175' title='bbox 788 3539 872 3603; x_wconf 92' lang='lat' dir='ltr'>lecto</span> <span class='ocrx_word' id='word_1_176' title='bbox 895 3537 1051 3602; x_wconf 86' lang='lat' dir='ltr'>decubuit</span> <span class='ocrx_word' id='word_1_177' title='bbox 1071 3538 1218 3624; x_wconf 87' lang='lat' dir='ltr'>graviter</span> <span class='ocrx_word' id='word_1_178' title='bbox 1239 3539 1433 3604; x_wconf 82' lang='lat' dir='ltr'>infirmatus</span> <span class='ocrx_word' id='word_1_179' title='bbox 1480 3539 1706 3604; x_wconf 82' lang='lat' dir='ltr'>invalescente</span> 
     </span>
     <span class='ocr_line' id='line_1_23' title="bbox 486 3616 1707 3727; baseline 0.002 -23"><span class='ocrx_word' id='word_1_180' title='bbox 486 3616 634 3667; x_wconf 73' lang='lat' dir='ltr'>tenturam.</span> <span class='ocrx_word' id='word_1_181' title='bbox 655 3640 785 3705; x_wconf 89' lang='lat' dir='ltr'>demum</span> <span class='ocrx_word' id='word_1_182' title='bbox 802 3640 925 3716; x_wconf 88' lang='lat' dir='ltr'>morb0,</span> <span class='ocrx_word' id='word_1_183' title='bbox 949 3662 1024 3704; x_wconf 90' lang='lat' dir='ltr'>cum</span> <span class='ocrx_word' id='word_1_184' title='bbox 1040 3640 1225 3705; x_wconf 87' lang='lat' dir='ltr'>certissima</span> <span class='ocrx_word' id='word_1_185' title='bbox 1249 3662 1318 3707; x_wconf 81' lang='lat' dir='ltr'>suae</span> <span class='ocrx_word' id='word_1_186' title='bbox 1340 3641 1429 3707; x_wconf 87' lang='lat' dir='ltr'>necis</span> <span class='ocrx_word' id='word_1_187' title='bbox 1451 3640 1575 3706; x_wconf 87' lang='lat' dir='ltr'>indicia</span> <span class='ocrx_word' id='word_1_188' title='bbox 1588 3662 1707 3727; x_wconf 85' lang='lat' dir='ltr'>cogno·</span> 
     </span>
     <span class='ocr_line' id='line_1_24' title="bbox 654 3741 1707 3829; baseline 0.003 -22"><span class='ocrx_word' id='word_1_189' title='bbox 654 3741 782 3819; x_wconf 69' lang='lat' dir='ltr'>visset,2</span> <span class='ocrx_word' id='word_1_190' title='bbox 811 3742 891 3807; x_wconf 86' lang='lat' dir='ltr'>feeit</span> <span class='ocrx_word' id='word_1_191' title='bbox 921 3741 1108 3827; x_wconf 83' lang='lat' dir='ltr'>episcopum</span> <span class='ocrx_word' id='word_1_192' title='bbox 1137 3743 1286 3808; x_wconf 86' lang='lat' dir='ltr'>civitatis</span> <span class='ocrx_word' id='word_1_193' title='bbox 1314 3743 1473 3828; x_wconf 84' lang='lat' dir='ltr'>accersiri,</span> <span class='ocrx_word' id='word_1_194' title='bbox 1506 3750 1545 3809; x_wconf 92' lang='lat' dir='ltr'>ut</span> <span class='ocrx_word' id='word_1_195' title='bbox 1571 3765 1707 3829; x_wconf 85' lang='lat' dir='ltr'>eaquae</span> 
     </span>
     <span class='ocr_line' id='line_1_25' title="bbox 655 3843 1726 3923; baseline -0.002 -14"><span class='ocrx_word' id='word_1_196' title='bbox 655 3843 839 3910; x_wconf 81' lang='lat' dir='ltr'>Christiani</span> <span class='ocrx_word' id='word_1_197' title='bbox 862 3849 941 3908; x_wconf 90' lang='lat' dir='ltr'>sunt</span> <span class='ocrx_word' id='word_1_198' title='bbox 965 3843 1001 3907; x_wconf 93' lang='lat' dir='ltr'>in</span> <span class='ocrx_word' id='word_1_199' title='bbox 1024 3843 1233 3923; x_wconf 86' lang='lat' dir='ltr'>confessione,</span> <span class='ocrx_word' id='word_1_200' title='bbox 1255 3845 1378 3909; x_wconf 88' lang='lat' dir='ltr'>viatico</span> <span class='ocrx_word' id='word_1_201' title='bbox 1404 3851 1439 3910; x_wconf 92' lang='lat' dir='ltr'>et</span> <span class='ocrx_word' id='word_1_202' title='bbox 1460 3846 1617 3910; x_wconf 85' lang='lat' dir='ltr'>unctione</span> <span class='ocrx_word' id='word_1_203' title='bbox 1639 3868 1726 3910; x_wconf 78' lang='lat' dir='ltr'>sus.</span> 
     </span>
     <span class='ocr_line' id='line_1_26' title="bbox 656 3946 1709 4032; baseline 0.003 -21"><span class='ocrx_word' id='word_1_204' title='bbox 656 3951 821 4032; x_wconf 88' lang='lat' dir='ltr'>cepturus,</span> <span class='ocrx_word' id='word_1_205' title='bbox 854 3946 1041 4032; x_wconf 86' lang='lat' dir='ltr'>legitimum</span> <span class='ocrx_word' id='word_1_206' title='bbox 1064 3947 1240 4012; x_wconf 88' lang='lat' dir='ltr'>conficeret</span> <span class='ocrx_word' id='word_1_207' title='bbox 1261 3954 1506 4014; x_wconf 89' lang='lat' dir='ltr'>testamentum.</span> <span class='ocrx_word' id='word_1_208' title='bbox 1553 3948 1709 4015; x_wconf 87' lang='lat' dir='ltr'>Intrante</span> 
     </span>
     <span class='ocr_line' id='line_1_27' title="bbox 654 4042 1708 4136; baseline 0.004 -25"><span class='ocrx_word' id='word_1_209' title='bbox 654 4047 759 4135; x_wconf 86' lang='lat' dir='ltr'>igitur</span> <span class='ocrx_word' id='word_1_210' title='bbox 789 4048 940 4135; x_wconf 90' lang='lat' dir='ltr'>episcopo</span> <span class='ocrx_word' id='word_1_211' title='bbox 972 4042 1166 4130; x_wconf 80' lang='lat' dir='ltr'>thalamum,</span> <span class='ocrx_word' id='word_1_212' title='bbox 1199 4071 1264 4136; x_wconf 91' lang='lat' dir='ltr'>quo</span> <span class='ocrx_word' id='word_1_213' title='bbox 1291 4050 1431 4136; x_wconf 88' lang='lat' dir='ltr'>jacebat,</span> <span class='ocrx_word' id='word_1_214' title='bbox 1462 4072 1569 4116; x_wconf 81' lang='lat' dir='ltr'>comes</span> <span class='ocrx_word' id='word_1_215' title='bbox 1598 4052 1708 4115; x_wconf 88' lang='lat' dir='ltr'>nudus</span> 
     </span>
     <span class='ocr_line' id='line_1_28' title="bbox 654 4151 1710 4241; baseline 0.003 -26"><span class='ocrx_word' id='word_1_216' title='bbox 654 4151 788 4237; x_wconf 84' lang='lat' dir='ltr'>penitus</span> <span class='ocrx_word' id='word_1_217' title='bbox 809 4163 931 4238; x_wconf 80' lang='lat' dir='ltr'>praeter</span> <span class='ocrx_word' id='word_1_218' title='bbox 946 4151 1123 4230; x_wconf 86' lang='lat' dir='ltr'>femoralia,</span> <span class='ocrx_word' id='word_1_219' title='bbox 1143 4151 1277 4217; x_wconf 87' lang='lat' dir='ltr'>obviam</span> <span class='ocrx_word' id='word_1_220' title='bbox 1300 4153 1332 4217; x_wconf 89' lang='lat' dir='ltr'>ei</span> <span class='ocrx_word' id='word_1_221' title='bbox 1356 4175 1473 4241; x_wconf 90' lang='lat' dir='ltr'>corpus</span> <span class='ocrx_word' id='word_1_222' title='bbox 1497 4153 1710 4218; x_wconf 91' lang='lat' dir='ltr'>Dominicum</span> 
     </span>
     <span class='ocr_line' id='line_1_29' title="bbox 654 4253 1709 4343; baseline 0.004 -25"><span class='ocrx_word' id='word_1_223' title='bbox 654 4253 803 4318; x_wconf 86' lang='lat' dir='ltr'>afferenti</span> <span class='ocrx_word' id='word_1_224' title='bbox 829 4276 871 4319; x_wconf 83' lang='lat' dir='ltr'>ex</span> <span class='ocrx_word' id='word_1_225' title='bbox 894 4254 979 4319; x_wconf 88' lang='lat' dir='ltr'>lecto</span> <span class='ocrx_word' id='word_1_226' title='bbox 994 4253 1174 4340; x_wconf 85' lang='lat' dir='ltr'>prosiliens,</span> <span class='ocrx_word' id='word_1_227' title='bbox 1197 4254 1532 4342; x_wconf 82' lang='lat' dir='ltr'>asperrimum[que]³</span> <span class='ocrx_word' id='word_1_228' title='bbox 1555 4256 1709 4343; x_wconf 88' lang='lat' dir='ltr'>laqueum</span> 
     </span>
     <span class='ocr_line' id='line_1_30' title="bbox 658 4355 1711 4446; baseline 0.005 -27"><span class='ocrx_word' id='word_1_229' title='bbox 658 4362 838 4422; x_wconf 89' lang='lat' dir='ltr'>annectens</span> <span class='ocrx_word' id='word_1_230' title='bbox 861 4355 951 4434; x_wconf 71' lang='lat' dir='ltr'>collo</span> <span class='ocrx_word' id='word_1_231' title='bbox 975 4377 1049 4421; x_wconf 89' lang='lat' dir='ltr'>cum</span> <span class='ocrx_word' id='word_1_232' title='bbox 1067 4356 1143 4443; x_wconf 85' lang='lat' dir='ltr'>jugi</span> <span class='ocrx_word' id='word_1_233' title='bbox 1164 4356 1374 4424; x_wconf 87' lang='lat' dir='ltr'>lacrimarum</span> <span class='ocrx_word' id='word_1_234' title='bbox 1397 4359 1556 4424; x_wconf 86' lang='lat' dir='ltr'>effusione</span> <span class='ocrx_word' id='word_1_235' title='bbox 1579 4381 1613 4424; x_wconf 92' lang='lat' dir='ltr'>se</span> <span class='ocrx_word' id='word_1_236' title='bbox 1635 4381 1711 4446; x_wconf 91' lang='lat' dir='ltr'>pro·</span> 
     </span>
     <span class='ocr_line' id='line_1_31' title="bbox 654 4458 1711 4548; baseline 0.003 -25"><span class='ocrx_word' id='word_1_237' title='bbox 654 4458 775 4524; x_wconf 89' lang='lat' dir='ltr'>stravit</span> <span class='ocrx_word' id='word_1_238' title='bbox 796 4458 833 4523; x_wconf 90' lang='lat' dir='ltr'>in</span> <span class='ocrx_word' id='word_1_239' title='bbox 854 4458 1090 4545; x_wconf 90' lang='lat' dir='ltr'>pavimentum,</span> <span class='ocrx_word' id='word_1_240' title='bbox 1114 4459 1244 4524; x_wconf 89' lang='lat' dir='ltr'>Summi</span> <span class='ocrx_word' id='word_1_241' title='bbox 1260 4460 1359 4548; x_wconf 88' lang='lat' dir='ltr'>Regis</span> <span class='ocrx_word' id='word_1_242' title='bbox 1374 4459 1430 4526; x_wconf 84' lang='lat' dir='ltr'>se⁴</span> <span class='ocrx_word' id='word_1_243' title='bbox 1443 4461 1543 4526; x_wconf 87' lang='lat' dir='ltr'>fuisse</span> <span class='ocrx_word' id='word_1_244' title='bbox 1564 4462 1711 4547; x_wconf 90' lang='lat' dir='ltr'>prodito·</span> 
     </span>
     <span class='ocr_line' id='line_1_32' title="bbox 655 4556 1728 4650; baseline 0.003 -24"><span class='ocrx_word' id='word_1_245' title='bbox 655 4583 726 4626; x_wconf 91' lang='lat' dir='ltr'>rem</span> <span class='ocrx_word' id='word_1_246' title='bbox 748 4567 783 4627; x_wconf 94' lang='lat' dir='ltr'>et</span> <span class='ocrx_word' id='word_1_247' title='bbox 806 4556 956 4647; x_wconf 88' lang='lat' dir='ltr'>&#39;ejusdem</span> <span class='ocrx_word' id='word_1_248' title='bbox 989 4569 1230 4648; x_wconf 73' lang='lat' dir='ltr'>praceptorum</span> <span class='ocrx_word' id='word_1_249' title='bbox 1260 4585 1353 4628; x_wconf 88' lang='lat' dir='ltr'>reum</span> <span class='ocrx_word' id='word_1_250' title='bbox 1384 4568 1571 4650; x_wconf 88' lang='lat' dir='ltr'>protestans</span> <span class='ocrx_word' id='word_1_251' title='bbox 1601 4568 1728 4629; x_wconf 76' lang='lat' dir='ltr'>trana.</span> 
     </span>
     <span class='ocr_line' id='line_1_33' title="bbox 656 4662 1709 4750; baseline 0.003 -22"><span class='ocrx_word' id='word_1_252' title='bbox 656 4662 861 4750; x_wconf 78' lang='lat' dir='ltr'>gressorem.⁶</span> <span class='ocrx_word' id='word_1_253' title='bbox 906 4664 978 4728; x_wconf 90' lang='lat' dir='ltr'>Nec</span> <span class='ocrx_word' id='word_1_254' title='bbox 993 4662 1118 4729; x_wconf 90' lang='lat' dir='ltr'>deloco</span> <span class='ocrx_word' id='word_1_255' title='bbox 1143 4665 1271 4732; x_wconf 81' lang='lat' dir='ltr'>moveri</span> <span class='ocrx_word' id='word_1_256' title='bbox 1293 4666 1410 4746; x_wconf 87' lang='lat' dir='ltr'>voluit,</span> <span class='ocrx_word' id='word_1_257' title='bbox 1426 4666 1492 4731; x_wconf 86' lang='lat' dir='ltr'>nisi</span> <span class='ocrx_word' id='word_1_258' title='bbox 1517 4666 1607 4732; x_wconf 83' lang='lat' dir='ltr'>facta</span> <span class='ocrx_word' id='word_1_259' title='bbox 1632 4688 1709 4732; x_wconf 89' lang='lat' dir='ltr'>con·</span> 
     </span>
    </p>
   </div>
   <div class='ocr_carea' id='block_1_7' title="bbox 706 4813 1227 4824">
    <p class='ocr_par' dir='ltr' id='par_1_7' title="bbox 706 4813 1227 4824">
     <span class='ocr_line' id='line_1_34' title="bbox 706 4813 1227 4824; baseline 0.006 -3"><span class='ocrx_word' id='word_1_260' title='bbox 706 4815 717 4821; x_wconf 86' lang='grc'>.-</span> <span class='ocrx_word' id='word_1_261' title='bbox 724 4814 807 4821; x_wconf 85' lang='lat'>——-</span> <span class='ocrx_word' id='word_1_262' title='bbox 815 4813 1227 4824; x_wconf 77' lang='lat'>----—-——·...——,--</span> 
     </span>
    </p>
   </div>
   <div class='ocr_carea' id='block_1_8' title="bbox 655 4894 1709 5200">
    <p class='ocr_par' dir='ltr' id='par_1_8' title="bbox 690 4894 1525 4964">
     <span class='ocr_line' id='line_1_35' title="bbox 690 4894 1525 4964; baseline 0.008 -21"><span class='ocrx_word' id='word_1_263' title='bbox 690 4897 697 4927; x_wconf 86' lang='lat'>¹</span> <span class='ocrx_word' id='word_1_264' title='bbox 709 4894 866 4961; x_wconf 67' lang='lat' dir='ltr'>cognoscens]</span> <span class='ocrx_word' id='word_1_265' title='bbox 886 4909 1068 4959; x_wconf 82' lang='lat' dir='ltr'>congnoseens,</span> <span class='ocrx_word' id='word_1_266' title='bbox 1080 4895 1138 4946; x_wconf 87' lang='lat' dir='ltr'>MS.</span> <span class='ocrx_word' id='word_1_267' title='bbox 1241 4899 1300 4964; x_wconf 69' lang='lat' dir='ltr'>⁴se]</span> <span class='ocrx_word' id='word_1_268' title='bbox 1321 4898 1361 4950; x_wconf 91' lang='lat' dir='ltr'>On</span> <span class='ocrx_word' id='word_1_269' title='bbox 1373 4915 1406 4949; x_wconf 84' lang='lat' dir='ltr'>an</span> <span class='ocrx_word' id='word_1_270' title='bbox 1418 4914 1525 4950; x_wconf 83' lang='lat' dir='ltr'>erasure.</span> 
     </span>
    </p>

    <p class='ocr_par' dir='ltr' id='par_1_9' title="bbox 690 4974 1709 5043">
     <span class='ocr_line' id='line_1_36' title="bbox 690 4974 1709 5043; baseline 0.003 -18"><span class='ocrx_word' id='word_1_271' title='bbox 690 4975 874 5040; x_wconf 62' lang='lat' dir='ltr'>’cognovisseq</span> <span class='ocrx_word' id='word_1_272' title='bbox 894 4974 1080 5039; x_wconf 81' lang='lat' dir='ltr'>congnovissct,</span> <span class='ocrx_word' id='word_1_273' title='bbox 1092 4974 1150 5026; x_wconf 86' lang='lat' dir='ltr'>MS.</span> <span class='ocrx_word' id='word_1_274' title='bbox 1239 4978 1372 5028; x_wconf 73' lang='lat' dir='ltr'>&#39;Written</span> <span class='ocrx_word' id='word_1_275' title='bbox 1393 4987 1419 5028; x_wconf 82' lang='lat' dir='ltr'>at</span> <span class='ocrx_word' id='word_1_276' title='bbox 1436 4978 1491 5029; x_wconf 84' lang='lat' dir='ltr'>first</span> <span class='ocrx_word' id='word_1_277' title='bbox 1509 4986 1709 5043; x_wconf 66' lang='lat' dir='ltr'>transgressorem</span> 
     </span>
    </p>

    <p class='ocr_par' dir='ltr' id='par_1_10' title="bbox 655 5055 1708 5200">
     <span class='ocr_line' id='line_1_37' title="bbox 689 5055 1708 5122; baseline 0.004 -17"><span class='ocrx_word' id='word_1_278' title='bbox 689 5055 951 5121; x_wconf 76' lang='lat' dir='ltr'>&#39;asperrinrumque]</span> <span class='ocrx_word' id='word_1_279' title='bbox 1001 5056 1161 5119; x_wconf 84' lang='lat' dir='ltr'>asperimnm,</span> <span class='ocrx_word' id='word_1_280' title='bbox 1202 5059 1407 5122; x_wconf 72' lang='lat' dir='ltr'>protestatabut</span> <span class='ocrx_word' id='word_1_281' title='bbox 1427 5058 1611 5110; x_wconf 79' lang='lat' dir='ltr'>mar-kedtobe</span> <span class='ocrx_word' id='word_1_282' title='bbox 1628 5067 1708 5109; x_wconf 81' lang='lat' dir='ltr'>trans·</span> 
     </span>
     <span class='ocr_line' id='line_1_38' title="bbox 655 5134 1289 5200; baseline -0.002 -13"><span class='ocrx_word' id='word_1_283' title='bbox 655 5137 713 5187; x_wconf 85' lang='lat' dir='ltr'>lllS.</span> <span class='ocrx_word' id='word_1_284' title='bbox 727 5155 734 5196; x_wconf 69' lang='grc' dir='ltr'><strong>ς</strong></span> <span class='ocrx_word' id='word_1_285' title='bbox 746 5152 791 5200; x_wconf 80' lang='lat' dir='ltr'>qne</span> <span class='ocrx_word' id='word_1_286' title='bbox 798 5134 820 5185; x_wconf 90' lang='lat' dir='ltr'>is</span> <span class='ocrx_word' id='word_1_287' title='bbox 832 5134 947 5199; x_wconf 83' lang='lat' dir='ltr'>supplied</span> <span class='ocrx_word' id='word_1_288' title='bbox 957 5134 1023 5185; x_wconf 79' lang='lat' dir='ltr'>from</span> <span class='ocrx_word' id='word_1_289' title='bbox 1036 5134 1078 5187; x_wconf 84' lang='lat' dir='ltr'>W.</span> <span class='ocrx_word' id='word_1_290' title='bbox 1086 5135 1117 5189; x_wconf 90' lang='lat' dir='ltr'>B.</span> <span class='ocrx_word' id='word_1_291' title='bbox 1128 5135 1159 5189; x_wconf 85' lang='lat' dir='ltr'>C.</span> <span class='ocrx_word' id='word_1_292' title='bbox 1204 5135 1289 5199; x_wconf 78' lang='lat' dir='ltr'>poseo.</span> 
     </span>
    </p>
   </div>
   <div class='ocr_carea' id='block_1_9' title="bbox 0 0 2269 6420">
    <p class='ocr_par' dir='ltr' id='par_1_11' title="bbox 0 0 2269 6420">
     <span class='ocr_line' id='line_1_39' title="bbox 0 0 2269 6420; baseline 0 0"><span class='ocrx_word' id='word_1_293' title='bbox 0 0 2269 6420; x_wconf 95' lang='lat' dir='ltr'> </span> 
     </span>
    </p>
   </div>
  </div>
 </body>
</html>
