4517 6425
872 1204 1101 1255 namurcen.
1124 1204 1225 1254 nucrs
1248 1204 1399 1254 arolam.
1619 1191 1662 1253 45

616 1380 896 1447 animadversione
926 1403 1104 1469 percussus,
1127 1382 1216 1468 apud
1246 1381 1413 1448 Nazareth
1444 1382 1531 1447 inter
1554 1381 1668 1468 epulas
1681 1383 1750 1437 al).
1765 1390 1836 1436 1¹9³·

617 1486 726 1550 subito
741 1485 909 1572 expiravit
932 1484 1166 1573 ingrngitatus,
1181 1485 1273 1571 cujus
1296 1508 1434 1572 regnum
1451 1483 1670 1571 Saphadinus,
1680 1474 1722 1525 He
1733 1475 1819 1525 issue-

617 1589 718 1654 frater
740 1588 820 1673 ejus,
842 1588 919 1653 ilico
941 1588 1005 1653 sibi
1028 1589 1213 1675 usurpavit.
1682 1544 1820 1674 bibbeddibd

625 1790 668 1857 Ut
690 1788 867 1857 Jobuoace
893 1809 1007 1867 comes,
1028 1788 1142 1874 frater
1164 1788 1291 1856 scilicet
1312 1787 1410 1876 repis,
1433 1810 1580 1875 amarum
1602 1786 1670 1855 eibi

940 1890 1144 1959 ambiebatur
1166 1890 1351 1979 sabjrtparc.

443 1986 610 2089 Ropvveal
666 2005 755 2093 Rege
778 2010 890 2070 autem
921 2004 1063 2072 Ricardo
1093 2004 1137 2069 ab
1168 2006 1374 2093 imperatore,
1398 2010 1439 2070 ut
1461 2005 1585 2071 dictum
1610 1999 1835 2084 estffllfflvtoi

487 2085 524 2120 ¹¹¹⁰
538 2074 575 2120 ’θ’
620 2108 764 2189 detento,
789 2109 904 2174 audito
929 2109 1016 2197 regis
1049 2108 1233 2174 infortunio
1265 2115 1366 2195 atque
1398 2109 1438 2173 de
1469 2109 1538 2195 ejus
1560 2108 1670 2173 reditu
1683 2068 1817 2185 ffilsshn

621 2211 781 2293 diffidens,
804 2233 911 2277 comes
932 2211 1113 2288 lohannes,
1145 2211 1248 2277 frater
1270 2213 1348 2299 ejus,
1381 2211 1488 2277 foedus
1517 2212 1671 2277 amicitiae
1683 2200 1838 2319 ἓξὲξ

602 2337 696 2380 ·cum
730 2313 894 2402 Philippo,
928 2314 1131 2379 Francorum
1163 2336 1248 2402 rege,
1282 2315 1368 2391 iniit,
1404 2315 1462 2400 qui
1496 2315 1611 2392 libens,
1635 2315 1672 2378 in
1787 2284 1826 2320 ε’

602 2418 735 2482 ·odium
757 2418 844 2505 regis
868 2417 1009 2496 Ricardi,
1024 2418 1094 2503 ejus
1121 2419 1265 2505 suscepit
1287 2417 1477 2498 amicitiam,
1500 2423 1534 2483 et
1556 2438 1672 2505 propo·

602 2521 725 2586 sitnm
739 2521 933 2607 acceptavit.
980 2521 1121 2586 Sinistro
1137 2542 1268 2606 quoque
1287 2520 1375 2585 idem
1390 2542 1496 2587 comcs
1511 2521 1674 2586 inclinans

448 2619 611 2736 RQssJYSffi·
622 2625 766 2701 consilio,
782 2624 946 2711 disposuit
969 2624 1125 2705 coronari,
1140 2630 1175 2690 et
1197 2646 1257 2711 pro
1279 2623 1381 2690 fratre
1403 2625 1439 2689 in
1454 2624 1576 2713 Anglia
1590 2624 1674 2690 alter

484 2703 546 2738 ¹¹¹*
570 2723 578 2738 '
605 2727 726 2792 -Jacob
749 2749 895 2813 regnare.
943 2727 1085 2793 Dicebat
1107 2728 1197 2793 enim
1223 2728 1414 2815 periculum,
1437 2750 1575 2815 regnum
1605 2749 1674 2792 esse

604 2831 692 2895 sine
706 2852 791 2917 rege,
806 2830 892 2895 sicut
903 2846 1027 2896 navem
1042 2831 1114 2896 sine
1128 2831 1350 2918 gubernaculo
1363 2857 1371 2913 ;
1395 2828 1473 2897 sed¹
1490 2831 1672 2918 Anglorum

622 2933 784 3000 fidelitate
806 2933 965 2999 laudabili
987 2934 1053 3000 fuit
1075 2933 1276 3021 impeditus.2

728 3128 772 3194 Ut
794 3149 853 3193 rec
875 3127 1093 3193 Francorum
1114 3127 1378 3195 Normoaaiom
1399 3127 1573 3196 lavarat.

447 3270 482 3320 R.
493 3267 613 3318 wenc·
670 3241 744 3306 Rex
767 3242 968 3308 Francorum
983 3241 1165 3330 Philippus,
1181 3242 1364 3329 juramenti
1387 3243 1438 3308 sui
1453 3243 1627 3308 immemor
1641 3247 1674 3308 et
1687 3242 1782 3322 PPffie

476 3336 517 3386 iii.
532 3340 572 3386 ⁷⁹·
608 3343 713 3423 ·fidei‚
733 3344 767 3408 N
769 3345 974 3410 ormanniam
993 3344 1160 3411 hostiliter
1178 3345 1388 3433 aggreditur3
1414 3345 1471 3431 qui
1486 3345 1673 3410 iraudulen·
1686 3309 1792 3434 ἓξὲξ,

607 3453 679 3513 ·ter
700 3447 928 3514 liberationem
951 3448 1040 3534 regis
1059 3447 1202 3525 Ricardi,
1225 3453 1327 3534 prout
1348 3450 1468 3536 potuit,
1490 3448 1674 3533 impedivit
1687 3457 1792 3507 mages

607 3549 772 3616 ·Vastans
794 3551 898 3637 igitur
927 3555 962 3616 et
983 3572 1145 3638 occupans
1168 3550 1292 3616 dictam
1321 3556 1452 3631 terram,
1483 3572 1550 3615 non
1573 3551 1675 3628 aetati,
1688 3509 1843 3576 Nomanuy.

627 3674 694 3718 non
728 3653 837 3718 ordini
874 3654 1027 3740 pepercit,
1061 3659 1122 3718 aut
1154 3654 1255 3718 sexui.
1311 3652 1377 3719 Oui
1411 3652 1599 3719 Gilebertus
1636 3652 1676 3717 de

596 3794 602 3806 ·
628 3754 770 3820 Wascoil
794 3755 976 3820 Gisortium
1009 3754 1210 3841 proditiose³
1232 3755 1382 3821 tradidit.
1427 3755 1557 3826 Deinde
1589 3755 1677 3820 idem

627 3881 686 3923 rex
707 3863 818 3924 totum
841 3858 1042 3945 Vegesinum
1065 3857 1337 3938 Normannicum,
1359 3864 1394 3923 et
1419 3859 1614 3924 comitatum
1637 3858 1678 3923 de

630 3959 835 4026 Albamarla
848 3982 952 4047 usquo
968 3959 1011 4025 ad
1026 3960 1140 4048 Diepe,
1157 3967 1192 4026 et
1207 3961 1336 4026 Vallem
1358 3961 1399 4027 de
1414 3961 1498 4041 Rcil,
1522 3982 1596 4027 cum
1611 3981 1678 4028 cas·

608 4064 716 4129 ·tellis
742 4064 925 4150 praecipuis,
948 4064 1022 4151 plus
1053 4064 1240 4151 proditione
1271 4069 1306 4130 et
1327 4064 1414 4131 fictis
1443 4065 1622 4130 mendaciis
1644 4070 1678 4130 et

609 4166 719 4232 ·falsis
742 4167 909 4232 mandatis
931 4189 1030 4252 quam
1060 4166 1332 4255 expugnatione,⁴
1355 4169 1390 4233 in
1419 4167 1513 4233 brevi
1536 4167 1675 4255 subegit.

630 4268 874 4356 Rothomagum
909 4269 1043 4357 insuper
1077 4270 1246 4336 obsidione
1277 4271 1427 4350 vallavit,
1458 4270 1515 4336 sed
1549 4271 1677 4337 comitis
1690 4250 1846 4373 {ffl‘ssss

630 4372 860 4459 Legrecestriae
880 4372 1047 4461 R[oberti]
1064 4374 1239 4461 magnifica
1253 4375 1380 4440 virtute
1403 4379 1437 4440 et
1458 4374 1580 4439 civium
1603 4397 1676 4462 pro·
1690 4389 1795 4440 without

629 4475 735 4541 bitate
749 4497 824 4540 cum
847 4497 981 4542 suorum
1003 4476 1178 4543 amissione
1201 4483 1236 4543 et
1258 4477 1311 4543 sui
1325 4477 1513 4543 confusione
1537 4480 1677 4543 recessit.
1690 4471 1822 4574 {25⁰2}ae

631 4577 812 4645 Civitatem
845 4577 1077 4645 Ebroicensem
1108 4581 1204 4667 cepit,
1238 4585 1273 4647 ct
1297 4602 1369 4646 eam
1393 4580 1417 4645 J
1419 4581 1541 4646 ohauni
1564 4580 1677 4646 comiti
1690 4589 1799 4640 arroux.

631 4681 674 4745 ad
697 4680 948 4746 custodiendum
970 4682 1143 4747 commisit.

678 4816 1044 4823 -—.—-..--—-.-..
1181 4818 1239 4823 .—.
1261 4820 1358 4824 ..-..,.-

665 4887 670 4916 ¹
685 4884 740 4953 red]
759 4892 805 4945 set,
817 4884 882 4942 MS..
891 4886 941 4935 aad
952 4900 980 4935 so
991 4886 1132 4936 elsewhere.
1154 4892 1156 4903 '
1177 4889 1228 4938 and
1238 4905 1254 4938 a
1265 4889 1360 4940 similar
1368 4896 1508 4951 statement,
1517 4891 1562 4940 but
1573 4889 1677 4946 shorter,

664 4967 757 5029 ²arqae
774 4963 803 5014 de
821 4965 874 5029 ejus
892 5001 919 5015 ..
937 5002 943 5014 .
963 5002 971 5015 .
990 4965 1136 5031 impeditur]
1154 5012 1157 5028 4
1178 4983 1265 5017 occurs
1277 4969 1304 5018 in
1317 4968 1358 5019 W.
1370 4971 1400 5019 B.
1412 4969 1441 5020 C.

632 5045 753 5109 Opposite
775 5054 802 5095 to
824 5045 894 5095 these
922 5044 986 5094 lines
1010 5045 1033 5095 is
1066 5036 1158 5096 vrit-l
1211 5047 1374 5113 'proditiced
1396 5064 1453 5098 enm
1464 5047 1610 5111 prodiciose,
1622 5048 1678 5099 MS.

632 5131 674 5172 ten
694 5122 720 5171 in
738 5123 781 5173 the
800 5124 899 5189 margin
919 5125 1027 5186 “cccc''
1045 5125 1072 5175 in
1090 5126 1135 5175 red
1213 5126 1222 5155 ⁴
1241 5128 1429 5193 erpuqnuo'one]
1465 5129 1679 5192 expungnatam,

632 5203 727 5257 laun.
742 5203 788 5257 but
810 5202 870 5276 they
884 5217 926 5253 are
946 5204 1035 5271 copied
1050 5205 1077 5254 io
1097 5204 1136 5262 F,
1157 5244 1159 5263 ,
1180 5204 1236 5254 MS.
