4517 6425
765 1209 813 1259 nr
834 1208 993 1260 rrnroan
1014 1209 1114 1261 asom
1136 1210 1290 1275 ιιιιιιιιι,
1313 1210 1379 1261 ιιι.
1403 1209 1526 1261 rnarn.
1602 1197 1666 1266 379

619 1382 791 1449 literarum
814 1391 849 1451 et
871 1407 939 1453 suae
962 1386 1196 1474 postulationis
1218 1408 1411 1474 responsum
1434 1387 1498 1452 sibi
1523 1386 1606 1465 dari,
1628 1390 1749 1451 utel).
1763 1400 1835 1448 lass.

619 1487 707 1574 regis
720 1489 929 1555 voluntatem
944 1490 1078 1556 domino
1094 1512 1153 1556 sno
1167 1489 1359 1578 imperatori
1373 1495 1505 1577 possent
1520 1489 1670 1557 celeriter

596 1591 786 1672 ,nunciare
834 1592 907 1657 Rex
928 1599 1049 1672 autem,
1071 1593 1158 1659 inito
1180 1594 1324 1673 consilio,
1347 1592 1517 1680 postulata
1540 1592 1670 1658 nunciis

598 1696 786 1776 ,concessit
830 1696 879 1761 At
901 1697 1014 1762 nuncii
1044 1697 1255 1784 postulanmt
1277 1696 1420 1783 puellam
1443 1695 1670 1783 conspectibus

474 1860 481 1872 ‚
575 1798 688 1878 „suis
710 1799 910 1885 presentari.
956 1799 1053 1881 Quod
1075 1822 1151 1866 cum
1165 1800 1290 1866 factum
1311 1800 1434 1878 fuisset,
1458 1800 1582 1887 placuit
1603 1799 1670 1864 illis

470 1890 503 1942 '·
564 1929 572 1945 ·
621 1901 808 1988 pulcritudo
837 1903 1002 1991 puellaris.
1050 1903 1341 1971 Confirmavenmt
1373 1904 1479 1991 igitur
1501 1902 1669 1969 matrimo-

598 1986 714 2070 ‘nium
746 2007 784 2071 in
816 2007 963 2072 animam
996 2006 1215 2096 imperatoris,
1247 2007 1443 2095 interposito
1469 2007 1668 2095 juramento,

619 2109 791 2176 offerentes
824 2110 856 2176 ei
887 2116 1047 2198 exparte
1075 2111 1285 2198 imperatoris
1316 2111 1453 2177 anulum
1476 2110 1667 2200 sponsalem.

619 2211 725 2292 Quem
748 2234 823 2278 cum
845 2212 882 2279 in
912 2213 983 2300 ejus
1012 2214 1118 2301 digito
1148 2214 1342 2302 posuissent,
1365 2215 1668 2300 pronunciaverunt

617 2336 689 2380 cam
711 2317 953 2405 imperatricem
968 2339 1037 2383 esse
1060 2318 1203 2384 Romani
1224 2317 1363 2405 imperii,
1379 2317 1525 2385 dicentes
1547 2318 1666 2404 palam,

617 2425 635 2454 “
650 2418 753 2485 Vivat
775 2420 978 2509 imperatrix,
992 2420 1089 2487 vivat
1101 2419 1138 2486 1’'
1183 2419 1313 2487 Deinde
1327 2442 1402 2487 cum
1424 2422 1526 2509 legati
1541 2442 1581 2487 ea
1594 2441 1668 2507 quse

616 2521 705 2587 facta
734 2522 867 2589 fuerant
901 2523 1094 2612 imperatori
1127 2524 1348 2604 nunciassent,
1370 2528 1446 2612 post
1477 2523 1670 2589 Pascbalem

618 2624 896 2713 sollempnitatem
929 2627 1021 2692 misit
1052 2626 1142 2693 idem
1175 2626 1356 2715 imperator
1389 2624 1669 2713 archiepiscopum

619 2727 848 2795 Coloniensem
882 2734 918 2796 et
959 2729 1119 2798 Lovaniae
1158 2730 1277 2797 ducem
1314 2751 1389 2796 cum
1427 2729 1501 2795 aliis
1537 2729 1669 2795 nunciis

619 2832 844 2922 solempnibus
866 2833 904 2900 in
926 2833 1095 2921 Angliam,
1125 2835 1184 2921 qui
1215 2834 1458 2922 imperatricem
1484 2832 1528 2899 sd
1558 2834 1669 2921 ipsum

618 2935 798 3004 honorifice
819 2937 1058 3025 perducerent,¹
1076 2937 1326 3003 matrimonium
1343 2937 1416 3025 jam
1438 2936 1612 3004 initiatum
1634 2941 1668 3002 et

617 3044 728 3106 ratum
744 3048 967 3129 procurarent,
981 3048 1021 3108 ut
1042 3042 1079 3108 in
1101 3040 1314 3130 cognitione²
1337 3040 1460 3108 carnali
1482 3041 1577 3107 fieret
1591 3061 1667 3107 con-

445 3173 602 3242 Roffwm
618 3150 826 3214 summatum.
881 3144 1052 3213 Remansit
1084 3145 1191 3233 igitur
1222 3145 1418 3234 imperatrix
1450 3143 1488 3211 in
1518 3145 1669 3211 custodia

474 3244 509 3296 iv.
521 3251 577 3298 ³³⁴·
618 3248 761 3337 episcopi
792 3249 991 3316 Exoniensis
1021 3255 1056 3315 et
1093 3248 1230 3314 Radulfi
1265 3247 1508 3328 filii-Nicholai,
1541 3249 1668 3315 domini

595 3353 701 3439 ‚regis
723 3353 897 3419 senescalli
929 3353 1128 3420 Detulerant
1142 3357 1255 3418 autern
1269 3352 1406 3419 xenium
1426 3352 1668 3418 nobilissimum

594 3453 651 3531 ‚in
673 3455 845 3534 olosericis,
867 3477 949 3522 auro
971 3461 1006 3521 et
1035 3455 1184 3543 gemmis,
1207 3461 1248 3521 ut
1269 3455 1381 3522 decuit
1401 3454 1542 3521 nuncios
1564 3455 1668 3543 impe·

614 3556 733 3625 ιιιιιιιιι8
778 3559 834 3640 Et,
856 3559 951 3625 hiis
941 3581 979 3624 ιιι
1001 3559 1089 3625 hunc
1114 3558 1250 3625 modum
1273 3557 1447 3646 dispositis,
1473 3579 1534 3624 rex
1555 3557 1591 3623 in
1613 3558 1667 3624 dre
1679 3573 1754 3626 rme
1764 3574 1824 3627 held

613 3661 721 3728 sancti
742 3661 907 3729 Jobannis
939 3667 1018 3729 ante
1050 3661 1187 3728 Portam
1211 3661 1367 3727 Latinam
1389 3660 1478 3748 apud
1501 3641 1801 3760 wemma-Q·

612 3765 795 3832 nauterium
817 3767 927 3833 tenuit
956 3765 1136 3852 sollempne
1165 3764 1296 3844 festum,
1318 3783 1394 3831 cum
1424 3763 1666 3853 archiepiscopo
1706 3788 1805 3856 au„

613 3867 802 3936 Coloniensi
824 3876 859 3936 et
880 3868 997 3935 ceteris
1019 3867 1151 3935 nunciis
1172 3867 1411 3955 imperialibus
1457 3867 1537 3933 Ilt
1526 3889 1563 3933 ιιι
1578 3889 1665 3935 cras·

591 3972 684 4047 ,tino
700 3994 812 4040 omnes
826 3972 916 4062 apud
939 3972 1135 4039 Derteforde
1148 3971 1214 4037 iter
1229 3970 1402 4058 arripiunt,
1424 3993 1538 4039 versus
1553 3977 1664 4060 partes

568 4076 719 4151 orient
705 4077 787 4143 tales
818 4076 1007 4164 profecturi.
1065 4073 1267 4192 Imperatrix
1297 4079 1410 4140 autem
1440 4081 1475 4141 et
1505 4075 1662 4164 archiepi-
1674 4079 1820 4150 'Pheimps

557 4200 726 4267 ·scopus
742 4179 954 4259 coloniensis,
969 4201 1043 4245 cum
1058 4177 1174 4245 ceteris
1195 4177 1278 4244 viris
1299 4177 1467 4244 nobilibus
1483 4183 1517 4244 et
1539 4184 1660 4246 matro-
1672 4149 1834 4283 ggssmffl

611 4282 664 4346 nis
685 4283 729 4348 ad
750 4283 990 4350 conductnme
972 4280 1044 4369 ejus
1070 4281 1255 4369 assignatis,
1281 4295 1327 4349 ιθ.
1352 4280 1429 4347 idus
1452 4280 1536 4347 Maii
1559 4303 1661 4349 naves
1672 4285 1733 4334 ’ἰὼ
1745 4285 1828 4336 nasei

611 4384 760 4473 ingressi,
781 4386 864 4452 velis
893 4385 1086 4474 patentibus
1108 4406 1179 4450 sese
1208 4384 1325 4472 pelago
1356 4384 1599 4467 commiserunt,
1626 4351 1810 4472 semim,

611 4509 762 4574 prospere
785 4490 993 4608 navigantes,
1009 4488 1098 4576 apud
1114 4488 1286 4554 Enevers⁴
1309 4484 1401 4555 selvo
1423 4487 1660 4575 applicuerunt
1695 4515 1723 4563 11
1736 4512 1807 4579 May,

612 4591 740 4672 Quibus
773 4591 914 4658 occurrit
952 4591 1127 4658 innumera
1156 4597 1358 4658 armatorum
1400 4591 1486 4658 mult
1471 4590 1593 4674 titudo,
1622 4599 1662 4659 ut

644 4848 651 4879 ¹
666 4845 840 4916 perducerent]
862 4846 895 4898 In
914 4844 957 4898 W.
971 4844 1063 4898 andB.
1076 4846 1115 4914 0.,
1195 4844 1558 4915 Ῥειιιὶοιιιιιι..ι”ιιμιιιι1ει]
1569 4848 1663 4901 Added

609 4928 775 4995 perducentes,
786 4926 870 4977 which
882 4927 905 4978 is
914 4927 1003 4978 better.
1031 4926 1115 4978 There
1162 4927 1281 4993 inmarg.

609 5009 632 5061 is
650 5025 682 5060 an
705 5021 804 5060 erasme
821 5008 901 5059 abore
922 5006 973 5059 this
989 5007 1076 5070 nord,
1087 5022 1116 5058 as
1196 5008 1205 5037 ⁴
1221 5004 1348 5074 Eaevere]
1367 5006 1491 5071 Anerers,
1503 5005 1565 5064 Bc.
1581 5006 1663 5076 [Ant-

611 5089 637 5140 if
643 5098 666 5140 et
677 5089 727 5140 had
739 5090 802 5140 been
813 5088 902 5139 added.
1163 5087 1254 5154 ueer.

644 5171 655 5202 ²
670 5169 817 5237 coyaiticae]
838 5165 1014 5235 congnicione,
1024 5164 1082 5219 MS.
