4517 6425
618 1153 683 1217 464
745 1167 911 1218 numum
934 1168 1147 1219 mmeramme
1169 1168 1332 1219 merome
1354 1168 1553 1220 mucosus.

449 1342 518 1394 al).
535 1348 606 1395 ¹2⁴2·
617 1344 791 1410 memorati
822 1344 959 1410 servitio
990 1349 1025 1410 et
1058 1350 1218 1432 receptus,
1250 1345 1394 1432 gratiam
1427 1346 1575 1434 adeptus,
1606 1346 1663 1412 sed

450 1423 541 1540 {effi
541 1424 578 1474 oi·
617 1452 809 1535 suspectam.
867 1447 963 1530 Quod
1000 1469 1076 1514 cum
1114 1449 1285 1515 audissent
1323 1448 1541 1527 Pictavenses,
1575 1446 1664 1537 quod

451 1558 553 1608 submit
576 1616 578 1619 ,
617 1551 766 1616 oessisset
788 1556 824 1617 et
844 1548 1033 1617 cecidisset¹
1051 1556 1163 1617 eorum
1187 1551 1396 1630 fortissimus,
1410 1553 1536 1619 scilicet
1557 1575 1664 1619 comes

616 1652 658 1718 de
689 1652 860 1732 Marohia.
877 1654 1030 1721 stillatim
1061 1676 1148 1720 unus
1179 1652 1255 1740 post
1286 1656 1427 1721 alterum
1462 1655 1504 1720 ad
1538 1656 1663 1741 subjec-

614 1756 740 1823 tionem
777 1757 865 1843 regis
904 1758 1106 1824 Francorum
1140 1757 1384 1838 confluxerunt,
1421 1758 1499 1824 licet
1532 1758 1664 1824 thesau-

615 1880 690 1923 rum
724 1880 745 1923 a
774 1881 849 1947 rege
872 1859 1057 1947 Anglorum
1089 1859 1125 1926 in
1158 1860 1246 1947 ipsos
1277 1860 1463 1929 confidente
1497 1861 1662 1948 copiosum
1718 1939 1723 1950 Ι

615 1962 819 2049 recepissent.

647 2170 719 2237 Rae
741 2170 880 2258 Aequo
902 2173 995 2239 verrit
1016 2172 1061 2239 irc
1082 2173 1279 2241 Pictooiom
1300 2174 1348 2241 od
1372 2173 1576 2261 Toillcburq,
1598 2180 1629 2241 et

897 2275 1001 2342 illinc
1016 2275 1116 2363 suqc't
1137 2277 1185 2344 od
1207 2277 1380 2345 Blucium.

450 2420 582 2567 dib
615 2411 1181 2583 addite‘ieitgfflff’ffliiss
1214 2416 1664 2585 detritum&

450 2553 570 2737 {⁰3¹³le
615 2623 730 2706 raptus
761 2619 954 2706 confugerat
975 2572 1069 2685 ,circa
1099 2620 1371 2709 Assumptionem
1405 2622 1511 2688 beatae
1537 2571 1664 2702 Murice:

475 2702 560 2818 ,ἔζη
616 2720 756 2787 audito²
787 2721 876 2808 quod
906 2744 966 2790 rex
1001 2723 1213 2803 Francorum,
1250 2725 1308 2810 qui
1342 2725 1463 2803 omnia,
1494 2747 1569 2812 quae
1604 2747 1664 2790 rex

560 2782 585 2833 ε’
616 2824 746 2912 Angliae
777 2846 798 2889 a
831 2829 924 2912 tergo
955 2825 1146 2911 reliquerat,
1170 2826 1207 2890 in
1238 2848 1331 2892 suam
1365 2828 1436 2892 sine
1470 2826 1664 2893 difficultate

615 2931 782 3015 receperat
812 2926 983 3007 ditionem,
1014 2933 1159 3014 coeperat
1192 2928 1363 3012 infirmari,
1389 2929 1514 2995 ibidem
1547 2930 1664 3008 tutius,

615 3034 698 3095 uta
719 3029 831 3095 labore
854 3051 919 3115 quo
941 3030 1148 3117 fatigabatur
1169 3032 1354 3118 respiraret,
1370 3053 1429 3119 per
1452 3031 1579 3119 aliquot
1594 3033 1664 3097 dies

615 3133 886 3200 commorabatur.
933 3133 1062 3222 Regina
1094 3134 1239 3222 insuper,
1273 3157 1347 3223 quse
1378 3156 1446 3201 non
1479 3137 1611 3224 penitus
1644 3158 1664 3201 a

450 3256 568 3309 Birthas
616 3237 788 3326 puerperio
811 3236 992 3316 convaluit,
1015 3238 1053 3302 in
1074 3259 1168 3325 spem
1190 3244 1225 3304 et
1246 3239 1500 3305 consolationem
1534 3240 1665 3326 quievit

448 3324 580 3442 ¹¹¹⁰?ss
616 3345 731 3407 erecta
778 3339 953 3428 Pepererot
986 3361 1130 3426 namque
1153 3340 1267 3419 filiam,
1289 3363 1364 3428 qnae
1388 3341 1526 3408 Beatrix
1547 3349 1666 3408 vocata

448 3406 548 3508 m„
616 3450 675 3522 est,
709 3442 798 3531 apud
830 3442 1052 3530 Burdegulim,
1080 3442 1117 3507 in
1150 3444 1295 3510 crastino
1328 3443 1529 3512 Nativitatis
1559 3445 1666 3511 suncti

449 3525 590 3578 ΜΝ
616 3546 786 3613 nominis.

466 3609 498 3656 25
509 3605 586 3658 June.

694 3774 744 3840 De
762 3770 963 3861 proditimee
985 3770 1148 3838 commeo
1171 3771 1349 3868 corntttcsae
1371 3772 1520 3854 Biordae,
1544 3772 1598 3839 οὐ*

962 3874 1140 3956 mammo,
1155 3875 1238 3962 folio
1259 3897 1328 3942 suo.

450 4043 588 4096 meones
661 4019 819 4104 Tempore
855 4014 917 4081 snb
949 4014 1063 4080 eodem
1095 4013 1191 4079 venit
1223 4013 1263 4079 de
1296 4014 1448 4101 partibus
1481 4013 1666 4081 Wasooniae

450 4127 495 4162 ⁰⁰⁸
511 4111 604 4229 qrtqlm-
617 4121 784 4189 comitissa
805 4118 945 4197 Biardae,
969 4117 1089 4182 mulier
1122 4116 1311 4204 prodigiosa
1343 4120 1378 4181 et
1409 4121 1545 4204 turgens
1567 4117 1668 4183 obdo-

449 4194 580 4296 {dnicae
616 4225 715 4303 mille,
738 4221 782 4286 ad
803 4241 924 4308 regem,
946 4218 1061 4286 efficax
1084 4219 1147 4284 sub
1170 4218 1245 4283 dolo
1268 4219 1467 4306 promittens
1489 4219 1667 4286 certissime

450 4309 579 4365 mm
616 4327 724 4395 eidem
746 4323 917 4391 consilium
947 4327 982 4388 et
1004 4320 1177 4400 auxilium,
1201 4321 1230 4386 si
1252 4321 1322 4407 ejus
1348 4326 1383 4388 et
1404 4320 1465 4386 filii
1489 4322 1540 4386 sui
1564 4321 1668 4388 Guas-

616 4431 705 4499 tonis
727 4425 892 4494 consiliis⁴
908 4424 1139 4512 adquiesceret.
1180 4422 1270 4503 Quid
1292 4423 1410 4511 plurat
1446 4423 1539 4490 Adeo
1563 4426 1666 4492 domi·

617 4557 699 4600 num
720 4552 830 4619 regem
852 4528 944 4594 fabis
977 4525 1308 4594 sermocinationibus
1330 4526 1550 4605 fascinnavit,·
1562 4533 1602 4592 ut
1623 4529 1666 4594 ab

617 4637 733 4705 eodem
760 4655 828 4699 non
865 4630 1041 4696 minimum
1074 4629 1268 4695 thesaurum
1303 4635 1535 4717 argumentose
1567 4630 1667 4696 nimis

617 4744 839 4826 extorqueret,
862 4741 902 4801 ut
924 4734 970 4799 sic
992 4733 1088 4798 fieret
1110 4735 1225 4819 postea
1246 4729 1364 4798 fortior
1386 4731 1429 4797 nd
1452 4732 1645 4798 nocendum.

621 4900 799 4911 ‚.-.-...-.---
817 4896 887 4903 ——·-·
1585 4891 1642 4897 -”

752 4957 765 5003 ¹‘
777 4972 888 5020 caenae!
898 4976 921 5019 et
931 4965 1069 5031 cecidisset]
1088 4965 1183 5015 Added
1196 4965 1223 5014 in
1235 4980 1314 5030 marg.

751 5053 762 5082 ²
776 5049 873 5114 audito]
893 5048 932 5097 At
942 5046 997 5096 first
1008 5045 1107 5094 written
1119 5042 1204 5094 audito
1217 5045 1297 5110 mitur,
1309 5045 1354 5097 bnt
1365 5045 1440 5110 ἐρίων
1451 5046 1544 5095 erased.

751 5132 761 5161 ⁸
777 5128 814 5195 et]
833 5144 899 5186 cum,
911 5127 942 5177 B.
954 5125 983 5177 C.

751 5212 760 5240 ⁴
776 5206 899 5273 mdiu]
919 5204 1013 5257 Added
1022 5203 1050 5254 in
1060 5217 1141 5270 marg.
