4517 6425
878 1204 926 1255 nn
947 1205 1105 1255 Taureae
1127 1207 1229 1257 auore
1251 1205 1403 1257 erciam.
1627 1192 1670 1259 43

620 1382 725 1446 morte
754 1378 923 1446 marchisii
954 1382 995 1446 de
1029 1380 1309 1464 Monte-Ferrato,
1336 1380 1468 1446 heredis
1497 1379 1560 1458 sui,
1581 1378 1673 1466 quod
1682 1388 1839 1441 Mariae.

620 1482 774 1550 videlieet
796 1505 856 1572 per
877 1484 949 1570 ejus
972 1484 1196 1571 proditionem
1218 1490 1320 1573 atque
1335 1483 1615 1550 machinationem
1628 1482 1673 1548 ab

620 1584 823 1652 Aesessinis¹
845 1586 999 1673 nequiter
1021 1586 1067 1653 sit
1098 1594 1308 1676 peremptus3
1341 1610 1425 1675 quos
1451 1588 1554 1654 etiam
1576 1586 1671 1652 mise·

620 1696 673 1755 rat
687 1689 731 1755 ad
751 1690 983 1777 perimendum
1004 1710 1116 1780 regem
1139 1692 1350 1771 Francorum,
1372 1690 1544 1758 dominum
1567 1710 1674 1768 suum,

620 1794 673 1858 eui
703 1792 831 1859 nullam
859 1794 1058 1861 fidelitatem
1089 1800 1151 1861 aut
1179 1794 1410 1877 reverentiam,
1433 1799 1474 1860 ut
1503 1793 1672 1871 debuerat,

440 1896 769 1987 ng3w0nu.servavit
791 1897 828 1961 in
854 1898 1020 1964 communi
1043 1918 1156 1964 eorum
1177 1898 1453 1986 peregrinatione,
1479 1897 1565 1963 sicut
1582 1897 1675 1984 jura-

423 1998 427 2017 '
476 1979 573 2027 Μ’
620 1999 725 2065 menti
738 2009 944 2067 sacramento
965 2002 1124 2068 intereos
1145 2002 1255 2069 fuerat
1269 2002 1510 2069 confirmatum.
1542 2001 1673 2066 Deinde

621 2103 841 2189 conqueritur,
864 2105 954 2191 quod
983 2105 1115 2193 signum
1142 2105 1236 2171 dude
1257 2102 1412 2184 Austriae,
1436 2103 1673 2192 consanguinei

621 2205 681 2284 sui,
704 2206 748 2273 ob
768 2205 840 2293 ejus
862 2211 1089 2296 contemptum
1119 2208 1209 2296 apud
1230 2207 1341 2296 Jopen
1370 2209 1408 2273 in
1433 2209 1576 2274 eloacam
1599 2228 1673 2293 pro·

617 2308 701 2395 jiei²
730 2310 878 2397 jusserit,
906 2318 942 2378 et
963 2310 1193 2394 Theutonieos,
1216 2310 1254 2376 in
1274 2310 1433 2399 probrum
1454 2310 1672 2398 imperatorie,

601 2414 733 2485 ‚verbis
775 2413 1095 2503 ampullosis-qui,
1134 2420 1173 2481 ut
1217 2415 1296 2502 ipse,
1334 2417 1496 2481 venerant
1532 2414 1674 2501 vestigia

603 2517 747 2589 ‚Christi
761 2517 797 2585 in
812 2518 913 2585 Terra
928 2518 1052 2584 Sancta
1072 2518 1218 2584 fideliter
1239 2516 1483 2597 adorare,³-et
1504 2517 1603 2583 iactis
1618 2517 1673 2583 de·

621 2622 853 2688 honestaverit.
898 2620 1006 2708 Super
1027 2620 1094 2686 hiis
1115 2627 1228 2687 autem
1250 2620 1449 2710 calumpniis
1469 2641 1529 2686 rex
1561 2620 1795 2686 Ricar-Riehuu

621 2727 682 2791 dus
704 2725 747 2791 ab
767 2726 965 2813 imperatore
987 2727 1178 2803 conventus,
1203 2725 1356 2812 protinus
1381 2724 1418 2789 in
1440 2724 1548 2791 medio
1563 2722 1672 2812 palam
1684 2698 1830 2830 {fflffe

602 2834 723 2910 ¹stans,
746 2828 823 2894 lieet
846 2826 1017 2915 patricida,
1032 2828 1194 2914 superbus
1211 2831 1246 2894 et
1268 2828 1418 2916 proditer
1439 2828 1673 2915 appellaretur,

620 2937 736 2998 contre
748 2932 897 3019 singulas
911 2930 1111 3015 objectiones
1125 2930 1177 2995 ita
1191 2930 1376 2996 luculenter
1390 2934 1427 2996 et
1441 2935 1674 3019 argumentose

620 3034 794 3123 peroravit,
819 3040 859 3100 ut
894 3033 1048 3101 omnibus
1081 3033 1296 3099 admirationi
1328 3039 1364 3099 et
1385 3036 1594 3101 venerationi
1615 3035 1674 3100 ha·

619 3139 762 3219 beretur,
784 3139 834 3204 ita
855 3142 896 3203 ut
916 3137 1013 3203 nulla
1034 3136 1177 3226 suspicio
1201 3138 1243 3204 de
1264 3136 1341 3218 biis,
1367 3136 1456 3226 [in]⁴
1480 3138 1600 3226 quibus
1622 3160 1673 3205 ao

619 3243 806 3322 curabatur,
837 3241 874 3308 in
906 3240 1061 3308 cordibus
1082 3240 1291 3307 audientium
1313 3242 1457 3308 ulterius
1479 3246 1672 3310 remaneret

621 3346 769 3433 Cumque
792 3345 921 3411 diutius
942 3365 1053 3411 coram
1082 3345 1284 3432 imperatore
1315 3349 1353 3411 et
1374 3344 1448 3440 ejus
1469 3345 1674 3433 principibus

620 3448 854 3517 disertissime⁵
884 3472 920 3515 se
941 3468 1111 3527 excusans,
1135 3454 1176 3514 ut
1207 3453 1280 3514 erat
1310 3443 1572 3526 facundissimus,
1594 3450 1671 3514 alle·

620 3558 736 3640 gasset,
763 3554 946 3641 imperator
967 3551 1138 3618 admirans
1159 3557 1290 3618 tantem
1312 3551 1400 3639 regis
1424 3551 1613 3617 facundiam
1636 3558 1672 3618 et
1682 3557 1738 3609 The
1749 3574 1799 3639 0¹3¹·

598 3657 656 3723 .in
676 3658 895 3724 tribulatione
916 3655 1149 3735 constantiam,
1171 3654 1325 3734 surrexit,
1340 3660 1384 3737 et,
1400 3655 1557 3721 accersito
1570 3655 1614 3720 ad
1636 3678 1670 3721 ee
1682 3640 1823 3744 melden

619 3782 702 3848 rege,
731 3763 801 3827 ruit
823 3761 859 3826 in
882 3760 953 3847 ejus
983 3759 1094 3827 osoula
1124 3762 1161 3825 et
1186 3758 1367 3844 amplexus.
1411 3757 1467 3823 Ab
1488 3757 1547 3824 illo
1569 3759 1669 3825 etiam
1683 3760 1779 3812 ohim

618 3863 672 3928 die
694 3869 729 3929 et
750 3863 902 3952 deinceps
924 3863 1027 3950 coepit
1056 3863 1238 3950 imperator
1259 3859 1378 3928 mitius
1405 3883 1503 3951 egere
1525 3884 1599 3929 eum
1622 3884 1670 3941 eo,

618 3972 653 4031 et
673 3965 883 4032 familiariter
904 3966 1073 4033 honorare.

664 4238 843 4322 Quocirca
865 4238 1043 4306 Rieerdoe
1061 4260 1128 4325 pro
1150 4237 1380 4325 redemptione
1402 4260 1468 4305 ecee
1491 4247 1625 4307 centone

745 4343 983 4430 quadruplata
1004 4341 1112 4408 milio
1134 4340 1308 4408 librorum
1322 4342 1438 4428 finem
1453 4343 1545 4429 feeit.

445 4502 607 4570 Ropwend
663 4495 741 4560 Hiis
770 4495 821 4560 ita
849 4496 961 4583 gestis,
983 4494 1099 4559 amieis
1129 4493 1208 4559 hino
1238 4494 1316 4561 inde
1347 4495 1580 4573 mediantibus,
1609 4451 1822 4583 pro‘Terrnsfor

480 4570 519 4622 ¹³⁶²
532 4574 573 4623 ⁷²·
619 4597 843 4685 redemptione
866 4598 954 4685 regis
984 4597 1110 4663 diutius
1141 4602 1321 4663 tractatum
1352 4603 1412 4665 est.
1456 4597 1602 4664 Tandem
1625 4581 1837 4700 adfflffi

443 4714 608 4834 Ἥξει
620 4701 681 4766 hoc
702 4706 900 4788 perventum
924 4706 981 4779 est,
998 4707 1038 4766 ut
1060 4722 1120 4787 pro
1143 4702 1368 4789 redemptione
1392 4702 1462 4790 ejus
1477 4703 1668 4790 imperatori

653 4936 810 5002 ¹Aeecainis]
846 4936 987 4996 Arsacidis,
1020 4937 1047 4986 id
1075 4943 1121 4996 est,
1168 4935 1252 4986 would
1270 4937 1302 4986 bc
1324 4934 1460 4987 elearerif
1481 4935 1589 4988 inserted
1606 4938 1670 4989 aster

619 5016 767 5077 acuminis,
779 5016 813 5066 A.
826 5015 855 5066 C.
867 5036 874 5075 3
893 5014 1033 5078 Arsacidis,
1044 5015 1107 5066 Fdd.
1172 5015 1338 5066 fluentom'eos.

651 5099 662 5129 ²
669 5097 774 5162 projici]
793 5095 884 5159 proici,
896 5095 952 5146 MS.
1203 5095 1263 5161 ⁴in]
1284 5095 1482 5159 Supplicdsrom
1493 5093 1534 5146 W.
1546 5096 1577 5147 B.
1590 5096 1621 5150 C.

650 5173 1125 5244 'quiut...odorere]'l¹hissentenea
1203 5174 1392 5240 'disertissim
1411 5175 1587 5241 desertissime,
1602 5176 1658 5230 Μὸι
